@misc{BBW-Xerces-online,
	author = {{Bumble Bee Watch}},
	note = {(Accessed on 06/18/2020)},
	title = {{Wildlife Preservation Canada, University of Ottawa, York University, BeeSpotter, Montreal Insectarium, Natural History Museum London, Xerces Society for Invertebrate Conservation}},
	url = {https://www.bumblebeewatch.org},
	year = {2020},
	Bdsk-Url-1 = {https://www.bumblebeewatch.org}}

@misc{FAOstat,
	author = {Food and Agriculture Organization of the United Nations},
	howpublished = {\url{http://www.fao.org/faostat/en/#data}},
	note = {Accessed: 2021-10-18},
	title = {Database Collection of the Food and Agriculture Organization of the United Nations}}

@manual{R-program,
	address = {Vienna, Austria},
	author = {{R Core Team}},
	organization = {R Foundation for Statistical Computing},
	title = {R: A Language and Environment for Statistical Computing},
	url = {https://www.R-project.org/},
	year = {2021},
	Bdsk-Url-1 = {https://www.R-project.org/}}

@manual{R2jags,
	author = {Yu-Sung Su and Masanao Yajima},
	note = {R package version 0.6-1},
	title = {{}R2jags: Using R to Run 'JAGS'}},
	url = {https://CRAN.R-project.org/package=R2jags},
	year = {2020},
	Bdsk-Url-1 = {https://CRAN.R-project.org/package=R2jags}}

@article{Shirey-2022,
	author = {Shirey, Vaughn and  Khelifa, Rassim and M'Gonigle, Leithen K and Guzman, Laura Melissa},
	title = {Occupancy–detection models with museum specimen data: Promise and pitfalls},
	year = {2022},
    journal = {Methods Ecol. Evol.}
}

@article{abrams-1988-226,
	author = {Abrams, P. A.},
	journal = {Theor. Popul. Biol.},
	pages = {226--242},
	title = {How should resources be counted?},
	volume = 33,
	year = 1988}

@article{aguilar-2006-986,
	author = {Aguilar, R and Ashworth, L and Galetto, L and Aizen, M A},
	journal = {Ecol. Lett.},
	pages = {986--980},
	title = {Plant reproductive susceptibility to habitat fragmentation: review and synthesis through a meta-analysis},
	volume = 9,
	year = 2006}

@article{albert-2000-273,
	author = {Albert, J. and Uy, C. and Borgia, G.},
	journal = {Evolution},
	pages = {273--278},
	title = {Sexual selection drives rapid divergence in bowerbird display traits},
	volume = 54,
	year = 2000}

@article{allsopp-2008-1,
	author = {Allsopp, M H and De Lange, W J and Veldtman, R},
	journal = {PLoS ONE},
	pages = {1--8},
	title = {Valuing insect pollination services with cost of replacement},
	volume = 3,
	year = 2008}

@article{almeida-neto-2008-1227,
	author = {Almeida-neto, M and Gumar\~{a}es, P and Gumar{\~a}es, P R and Loyola, R D and Ulrich, W},
	journal = {Oikos},
	pages = {1227--1239},
	title = {A consistent metric for nestedness analysis in ecological systems: reconciling concept and measurement.},
	volume = 117,
	year = 2008}

@article{altwegg2019occupancy,
	author = {Altwegg, Res and Nichols, James D},
	journal = {Methods Ecol. Evol.},
	number = {1},
	pages = {8--21},
	publisher = {Wiley Online Library},
	title = {Occupancy models for citizen-science data},
	volume = {10},
	year = {2019}}

@article{angulo-2007-1082,
	author = {Angulo, E. and Roemer, G. W. and Berec, L. and Gascoigne, J. and Courchamp, F.},
	journal = {Conserv. Biol.},
	pages = {1082--1091},
	title = {Double {Allee} effects and extinction in the island fox},
	volume = 21,
	year = 2007}

@article{armstrong-1976-317,
	author = {Armstrong, R. A. and McGehee, R.},
	journal = {Theor. Popul. Biol.},
	pages = {317-328},
	title = {Coexistence of species competing for shared resources},
	volume = 9,
	year = 1976}

@article{armstrong-1980-151,
	author = {Armstrong, R. A. and McGehee, R.},
	journal = {Am. Nat.},
	pages = {151--170},
	title = {Competitive exclusion},
	volume = 115,
	year = 1980}

@article{arnegard-2004-222,
	author = {Arnegard, M. E. and Kondrashov, A. S.},
	journal = {Evolution},
	pages = {222-237},
	title = {Sympatric speciation by sexual selection alone is unlikely},
	volume = 58,
	year = 2004}

@article{aviles-1998-403,
	author = {Avil\'{e}s, L. and Tufi\~{n}o, P.},
	journal = {Am. Nat.},
	pages = {403--418},
	title = {Colony size and individual fitness in the social spider \textit{{Anelosimus eximius}}},
	volume = 152,
	year = 1998}

@article{balzan-2014-713,
	author = {Balzan, M V and Bocci, G and Moonen, A C},
	journal = {J. Insect Conserv.},
	pages = {713--728},
	title = {Augmenting flower trait diversity in wildflower strips to optimise the conservation of arthropod functional groups for multiple agroecosystem services},
	volume = 18,
	year = 2014}

@article{bartomeus-2013-1331,
	author = {Bartomeus, I and Park, M G and Gibbs, J and Danforth, B N and Lakso, A N and Winfree, R},
	journal = {Ecol. Lett.},
	pages = {1331--1338},
	title = {Biodiversity ensures plant--pollinator phenological synchrony against climate change},
	volume = 16,
	year = 2013}

@article{bartomeus-2013-4656,
	author = {Bartomeus, I and Ascher, J S and Gibbs, J and Danforth, B N and Wagner, D L and Hedtke, S M and Winfree, R},
	journal = {Proc. Natl. Acad. Sci. U.S.A.},
	pages = {4656--4660},
	title = {{Historical changes in northeastern US bee pollinators related to shared ecological traits}},
	volume = {110},
	year = {2013}}

@article{barton-1985-113,
	author = {Barton, N. H. and Hewitt, G. M.},
	journal = {Ann. Rev. Ecol. Syst.},
	pages = {113-148},
	title = {Analysis of hybrid zones},
	volume = 16,
	year = 1985}

@article{barton-1989-497,
	author = {Barton, N. H. and Hewitt, G. M.},
	journal = {Nature},
	pages = {497--503},
	title = {Adaptation, speciation and hybrid zones},
	volume = 341,
	year = 1989}

@article{barton-2011-e48,
	author = {Barton, N. H. and Turelli, M.},
	journal = {Am. Nat.},
	pages = {E48-E75},
	title = {Spatial waves of advance with bistable dynamics: cytoplasmic and genetic analogues of {Allee} effects},
	volume = 178,
	year = 2011}

@article{batary-2011-1894,
	author = {Bat{\'a}ry, P and B{\'a}ldi, A and Kleijn, D and Tscharntke, T},
	journal = {Proc. R. Soc. B},
	number = 1713,
	pages = {1894--1902},
	title = {Landscape-moderated biodiversity effects of agri-environmental management: a meta-analysis},
	volume = 278,
	year = 2011}

@article{battin-2004-1481,
	author = {Battin, J},
	journal = {Conserv. Biol.},
	pages = {1482--1491},
	title = {When good animals love bad habitats: ecological traps and conservation of animal populations},
	volume = 18,
	year = 2004}

@article{berdhal-2015-1390,
	author = {Berdhal, A and Torney, C J and Schertzer, E and Levin, SA},
	journal = {Evolution},
	pages = {1390--1405},
	title = {On the evolutionary interplay between dispersal and local adaptation in heterogeneous environments},
	volume = 69,
	year = 2015}

@article{berec-2007-185,
	author = {Berec, L. and Angulo, E. and Courchamp, F.},
	journal = {Trends. Ecol. Evol.},
	pages = {185--191},
	title = {Multiple {Allee} effects and population management},
	volume = 22,
	year = 2007}

@article{biesmeijer-2006-351,
	author = {Biesmeijer, J C and Roberts, S P M and Reemer, M and Ohlem{\"u}ller, R and Edwards, M and Peeters, T and Schaffers, A P and Potts, S G and Kleukers, R and Thomas, C D and Settele, J and Kunin, W E},
	journal = {Science},
	pages = {351--354},
	title = {Parallel declines in pollinators and insect-pollinated plants in {Britain} and the {Netherlands}},
	volume = 313,
	year = 2006}

@article{bluthgen-2006-9,
	author = {Bl{\"u}thgen, N and Menzel, F and Bl{\"u}thgen, N},
	journal = {BMC Ecol.},
	pages = 9,
	title = {Measuring specialization in species interaction networks},
	volume = 6,
	year = 2006}

@article{bolker-2003-135,
	author = {Bolker, B. M. and Pacala, S. W. and Neuhauser, C.},
	journal = {Am. Nat.},
	pages = {135--148},
	title = {Spatial dynamics in model plant communities: what do we really know?},
	volume = 162,
	year = 2003}

@article{bonte-2010-560,
	author = {Bonte, D and Hovestadt, T and Poethke, H},
	journal = {Oikos},
	pages = {560--566},
	title = {Evolution of dispersal polymorphism and local adaptation of dispersal distance in spatially structured landscapes},
	volume = 119,
	year = 2010}

@article{borer-2010-3629,
	author = {Borer, M. and van Noort, T. and Rahier, M. and Naisbit, R. E.},
	journal = {Evolution},
	pages = {3629-3633},
	title = {Positive frequency-dependent selection on warning color in alpine leaf beetles},
	volume = 64,
	year = 2010}

@article{bridle-2000-420,
	author = {Bridle, J. R. and Jiggins, C. D. and Tregenza, T.},
	journal = {Trends Ecol. Evol.},
	pages = 420,
	title = {Reply to "Disruptive sexual selection"},
	volume = 15,
	year = 2000}

@article{brittain-2010-259,
	author = {Brittain, C and Bommarco, R and Vighi, M and Barmaz, S and Settele, J and Potts, S G},
	journal = {Agric. Forest Entomol.},
	pages = {259--266},
	title = {The impact of an insecticide on insect flower visitation and pollination in an agricultural landscape},
	volume = 12,
	year = 2010}

@article{brittain-2013-1471,
	author = {Brittain, C and Williams, N and Kremen, C and Klein, A M},
	journal = {Proc. R. Soc. B},
	pages = {1471--2954},
	title = {Synergistic effects of non-Apis bees and honey bees for pollination services},
	volume = 280,
	year = 2013}

@article{brodt-2009-195,
	author = {Brodt, S and Klonsky, K and Jackson, L and Brush, S B and Smukler, S},
	journal = {Agroforestry systems},
	pages = {195--206},
	title = {Factors affecting adoption of hedgerows and other biodiversity-enhancing features on farms in California, USA},
	volume = 76,
	year = 2009}

@article{brosi-2008-27,
	author = {Brosi, B J and Armsworth, P R and Daily, G C},
	journal = {Conserv. Lett.},
	pages = {27--36},
	title = {Optimal design of agricultural landscapes for pollination services},
	volume = 1,
	year = 2008}

@article{brosi-2013-13044,
	author = {Brosi, B. J. and Briggs, H. M.},
	journal = {Proc. Natl. Acad. Sci.},
	number = {32},
	pages = {13044--13048},
	title = {{Single pollinator species losses reduce floral fidelity and plant reproductive function}},
	volume = {110},
	year = {2013}}

@article{brown-2002-2328,
	author = {Brown, B. J. and Mitchell, R. J. and Graham, S. A.},
	journal = {Ecology},
	pages = {2328-2336},
	title = {Competition for pollination between an invasive species (purple loosestrife) and a native congener},
	volume = 83,
	year = 2002}

@article{brys-2008-713,
	author = {Brys, R. and Jacquemyn, H. and Hermy, M.},
	journal = {Bot. J. Linn. Soc.},
	pages = {713-721},
	title = {Pollination efficiency and reproductive patterns in relation to local plant density, population size, and floral display in the rewarding \textit{{Listera} ovata} ({Orchidaceae})},
	volume = 157,
	year = 2008}

@article{burkle-2013-1611,
	author = {Burkle, L A and Marlin, J C and Knight, T M},
	journal = {Science},
	pages = {1611--1615},
	title = {Plant-pollinator interactions over 120 years: loss of species, co-occurrence, and function},
	volume = 339,
	year = 2013}

@article{cameron-2020-209,
	author = {Cameron, S A and Sadd, B M},
	journal = {Annu. Rev. Entomol.},
	pages = {209--232},
	title = {Global Trends in Bumble Bee Health},
	volume = 65,
	year = {2020}}

@article{cameron2011patterns,
	author = {Cameron, Sydney A and Lozier, Jeffrey D and Strange, James P and Koch, Jonathan B and Cordes, Nils and Solter, Leellen F and Griswold, Terry L},
	journal = {Proc. Natl. Acad. Sci.},
	number = {2},
	pages = {662--667},
	publisher = {National Acad Sciences},
	title = {{Patterns of widespread decline in North American bumble bees}},
	volume = {108},
	year = {2011}}

@article{carpenter2020effects,
	author = {Carpenter, David J and Mathiassen, Solvejg K and Boutin, C{\'e}line and Strandberg, Beate and Casey, Carlene S and Damgaard, Christian},
	journal = {Environ. Toxicol. Chem.},
	number = {6},
	pages = {1244--1256},
	publisher = {Wiley Online Library},
	title = {Effects of herbicides on flowering},
	volume = {39},
	year = {2020}}

@article{carroll-1992-1052,
	author = {Carroll, S P and Boyd, C},
	journal = {Evolution},
	pages = {1052--1069},
	title = {Host Race Radiation in the Soapberry Bug - Natural History with the History},
	volume = {46},
	year = {1992}}

@article{carroll-1997-1182,
	author = {Carroll, S P and Dingle, H and Klassen, S P},
	journal = {Evolution},
	pages = {1182--1188},
	title = {Genetic differentiation of fitness-associated traits among rapidly evolving populations of the soapberry bug},
	volume = {51},
	year = {1997}}

@article{carroll-1998-955,
	author = {Carroll, S P and Klassen, S T P and Dingle, H},
	journal = {Evol. Ecol.},
	pages = {955--968},
	title = {Rapidly evolving adaptations to host ecology and nutrition in the soapberry bug},
	volume = {12},
	year = {1998}}

@article{carroll-2003-135,
	author = {Carroll, S P and Marler, M and Winchell, R and Dingle, H},
	journal = {Ann. Entomol. Soc. Am.},
	pages = {135--143},
	title = {Evolution of cryptic flight morph and life history differences during host race radiation in the soapberry bug, \textit{Jadera haematoloma} {Herrich}-{Schaeffer} ({Hemiptera}: Rhopalidae)},
	volume = {96},
	year = {2003}}

@article{carroll-2006-13,
	author = {Carroll, S P and Loye, J},
	journal = {J. Insect Conserv.},
	pages = {13--27},
	title = {Invasion, colonization, and disturbance; historical ecology of the endangered {Miami} blue butterfly},
	volume = {10},
	year = {2006}}

@article{carvalheiro-2013-870,
	author = {Carvalheiro, L G and Kunin, W E and Keil, P and Aguirre-Guti\'errez, J and Ellis, W N and Fox, R and Groom, Q and Hennekens, S and Van Landuyt, W and Maes, D and Van de Meutter, F and Michez, D and Rasmont, P and Ode, B and Potts, S G and Reemer, M and Roberts, S P M and Schamin\'ee, J and WallisDeVries, M F and Biesmeijer, J C},
	journal = {Ecol. Lett.},
	pages = {870--878},
	title = {Species richness declines and biotic homogenisation have slowed down for {NW-European} pollinators and plants},
	volume = 16,
	year = 2013}

@article{carvell-2007-29,
	author = {Carvell, C and Meek, W R and Pywell, R F and Goulson, D and Nowakowski, M},
	journal = {J. Appl. Ecol.},
	pages = {29--40},
	title = {Comparing the efficacy of agri-environment schemes to enhance bumble bee abundance and diversity on arable field margins},
	volume = 44,
	year = 2007}

@article{carvell-2011-1760,
	author = {Carvell, C and Osborne, J L and Bourke, A F G and Freeman, S N and Pywell, R F and Heard, M S},
	journal = {Ecol. Appl.},
	number = 5,
	pages = {1760--1771},
	title = {Bumble bee species' responses to a targeted conservation measure depend on landscape context and habitat quality},
	volume = 21,
	year = 2011}

@article{cenzer-2016-2296,
	author = {Cenzer, M L},
	journal = {Evolution},
	pages = {2296--2307},
	title = {Adaptation to an invasive host is driving the loss of a native ecotype},
	volume = {70},
	year = {2016}}

@article{chacoff-2006-18,
	author = {Chacoff, N P and Aizen, M A},
	journal = {J. Appl. Ecol.},
	pages = {18--27},
	title = {Edge effects on flower-visiting insects in grapefruit plantations bordering premontane subtropical forest},
	volume = 43,
	year = 2006}

@article{chesson-1985-263,
	author = {Chesson, P},
	journal = {Theor. Popul. Biol.},
	pages = {263--287},
	title = {Coexistence of competitors in spatially and temporally varying environments: a look at the combined effects of different sorts of variability},
	volume = 28,
	year = 1985}

@article{chesson-1994-227,
	author = {Chesson, P},
	journal = {Theor. Popul. Biol.},
	pages = {227--276},
	title = {Multipsecies competition in variable environments},
	volume = 45,
	year = 1994}

@article{chesson-2000-211,
	author = {Chesson, P},
	journal = {Theor. Popul. Biol.},
	pages = {211-237},
	title = {General theory of competitive coexistence in spatially-varying environments},
	volume = 58,
	year = 2000}

@article{chesson-2000-343,
	author = {Chesson, P},
	journal = {Annu. Rev. Ecol. Syst.},
	pages = {343--366},
	title = {Mechanisms of maintenance of species diversity},
	volume = 31,
	year = 2000}

@article{cole2019explaining,
	author = {Cole, Jerry S and Siegel, Rodney B and Loffland, Helen L and Tingley, Morgan W and Elsey, Erin A and Johnson, Matthew},
	journal = {Ecosphere},
	number = {4},
	pages = {e02718},
	publisher = {Wiley Online Library},
	title = {Explaining the birds and the bees: deriving habitat restoration targets from multi-species occupancy models},
	volume = {10},
	year = {2019}}

@article{colla-2008-1379,
	author = {Colla, Sheila R and Packer, Laurence},
	journal = {Biodivers. Conserv.},
	pages = {1379--1391},
	title = {{Evidence for decline in eastern North American bumblebees (Hymenoptera: Apidae), with special focus on \textit{Bombus affinis} Cresson}},
	volume = {17},
	year = {2008}}

@article{colla-2012-3585,
	author = {Colla, Sheila R. and Gadallah, Fawziah and Richardson, Leif and Wagner, David and Gall, Lawrence},
	journal = {Biodivers. Conserv.},
	pages = {3585--3595},
	title = {{Assessing declines of North American bumble bees (\textit{Bombus spp.}) using museum specimens}},
	volume = {21},
	year = {2012}}

@article{collins-2010-959,
	author = {Collins, A. and Hart, E. M. and Molofsky, J.},
	journal = {Oecologia},
	pages = {959--969},
	title = {Differential response to frequency-dependent interactions: an experimental test using genotypes of an invasive grass},
	volume = 164,
	year = 2010}

@article{costanza-1997-253,
	author = {Costanza, R and D'Arge, R and De Groot, R and Farber, S and Grasso, M and Hannon, B and Limburg, K and Naeem, S and O'Neill, R V and Paruelo, J and Raskin, R G and Sutton, P and Van den Belt, M},
	journal = {Nature},
	pages = {253--260},
	title = {The value of the world's ecosystem services and natural capital},
	volume = 387,
	year = 1997}

@book{courchamp-2008,
	author = {Courchamp, F. and Berec, L. and Gascoigne, J.},
	publisher = {Oxford University Press},
	title = {Allee effects in ecology and conservation},
	year = 2008}

@article{crossley2020no,
	author = {Crossley, Michael S and Meier, Amanda R and Baldwin, Emily M and Berry, Lauren L and Crenshaw, Leah C and Hartman, Glen L and Lagos-Kutz, Doris and Nichols, David H and Patel, Krishna and Varriano, Sofia and Snyder, William E and Moran, Matthew D},
	journal = {Nat. Ecol. Evol.},
	pages = {1368-1376},
	publisher = {Nature Publishing Group},
	title = {{No net insect abundance and diversity declines across US Long Term Ecological Research sites}},
	volume = {4},
	year = {2020}}

@article{crowther-2019-986,
	author = {Crowther, Liam P. and Wright, David J. and Richardson, David S. and Carvell, Claire and Bourke, Andrew F.G.},
	journal = {Ecol. Evol.},
	pages = {986--997},
	title = {{Spatial ecology of a range-expanding bumble bee pollinator}},
	volume = {9},
	year = {2019}}

@article{csardi-2006,
	author = {Csardi, G and Nepusz, T},
	journal = {InterJournal, Complex Systems},
	title = {The igraph software package for complex network research},
	volume = 1695,
	year = 2006}

@article{dacsgan-2004-73,
	author = {DA{\c{S}}GAN, H YILDIZ and {\"O}ZDO{\u{G}}AN, A O{\u{G}}UZ and KAFTANO{\u{G}}LU, OSMAN and Abak, Kazim},
	journal = {Turkish Journal of Agriculture and Forestry},
	number = {2},
	pages = {73--82},
	title = {Effectiveness of bumblebee pollination in anti-frost heated tomato greenhouses in the Mediterranean basin},
	volume = {28},
	year = {2004}}

@article{dafni2010bombus,
	author = {Dafni, Amots and Kevan, Peter and Gross, Caroline L and Goka, Koichi},
	journal = {Applied Entomology and Zoology},
	number = {1},
	pages = {101--113},
	title = {\textit{Bombus terrestris}, pollinator, invasive and pest: An assessment of problems associated with its widespread introductions for commercial purposes},
	volume = {45},
	year = {2010}}

@manual{data.table-package,
	author = {Matt Dowle and Arun Srinivasan},
	note = {R package version 1.14.0},
	title = {data.table: Extension of `data.frame`},
	url = {https://CRAN.R-project.org/package=data.table},
	year = {2021},
	Bdsk-Url-1 = {https://CRAN.R-project.org/package=data.table}}

@article{devarajan-2020-1,
	author = {Devarajan, K and Morelli, T L and Tenan, S},
	journal = {Ecography},
	pages = {1--13},
	title = {Multi-species occupancy models: review, roadmap, and recommendations},
	year = 2020}

@article{dew2019range,
	author = {Dew, Rebecca M and Silva, Daniel Paiva and Rehan, Sandra M},
	journal = {Glob. Ecol. Conserv.},
	pages = {e00584},
	publisher = {Elsevier},
	title = {Range expansion of an already widespread bee under climate change},
	volume = {17},
	year = {2019}}

@article{dieckmann-1999-354,
	author = {Dieckmann, U and Doebeli, M},
	journal = {Nature},
	pages = {354--357},
	title = {On the origin of species by sympatric speciation},
	volume = 400,
	year = 1999}

@incollection{dieckmann-2004-306,
	author = {Dieckmann, U.},
	booktitle = {Adaptive Speciation},
	editor = {Dieckmann, U. and Metz, J. A. J. and Doebeli, M. and Tautz, D.},
	pages = {306--307},
	publisher = {Cambridge University Press},
	title = {Assortative mating and spatial coexistence},
	year = 2004}

@article{doebeli-2003-259,
	author = {Doebeli, M. amd Dieckmann, U.},
	journal = {Nature},
	pages = {259--264},
	title = {Speciation along environmental gradients},
	volume = 421,
	year = 2003}

@article{dorazio-2005-389,
	author = {Dorazio, R M and Royle, J A},
	journal = {J. Am. Statist. Assoc.},
	pages = {389--398},
	title = {Estimating size and composition of biological communities by modeling the occurrence of species},
	volume = 100,
	year = 2005}

@article{dorazio-2006-842,
	author = {Dorazio, R M and Royle, J A and S{\"o}derstrom, B and Glimsk{\"a}r, A},
	journal = {Ecology},
	pages = {842--854},
	title = {Estimating species richness and accumulation by modeling species occurrence and detectability},
	volume = 87,
	year = 2006}

@article{dorazio-2011-277,
	author = {Dorazio, R M and Gotelli, N J and Ellison, A M},
	journal = {Biodiversity loss in a changing planet. InTech-Open Access Publisher, Croatia},
	pages = {277--302},
	title = {Modern methods of estimating biodiversity from presence-absence surveys},
	year = 2011}

@article{duan2016potential,
	author = {Duan, Ren-Yan and Kong, Xiao-Quan and Huang, Min-Yi and Varela, Sara and Ji, Xiang},
	journal = {PeerJ},
	pages = {e2185},
	publisher = {PeerJ Inc.},
	title = {{The potential effects of climate change on amphibian distribution, range fragmentation and turnover in China}},
	volume = {4},
	year = {2016}}

@article{duputie-2013-0028,
	author = {Duputi{\'e}, A and Massol, F},
	journal = {J. R. Soc. Interface},
	pages = 20130028,
	title = {An empiricist's guide to theoretical predictions on the evolution of dispersal},
	volume = {3.6},
	year = 2013}

@article{dwernychuk-1972-559,
	author = {Dwernychuk, L W and Boag, D A},
	journal = {Can. J. Zool.},
	pages = {559--563},
	title = {Ducks nesting in association with gulls --- an ecological trap?},
	volume = 50,
	year = 1972}

@book{eberhard-1985-1,
	author = {Eberhard, W. G.},
	publisher = {Harvard University Press, Cambridge, Mass.},
	title = {Sexual Selection and Animal Genitalia},
	year = 1985}

@article{eilers-2011-e21363,
	author = {Eilers, E J and Kremen, C and Greenleaf, S S and Garber, A K and Klein, A M},
	journal = {PLoS ONE},
	pages = {e21363},
	title = {Contribution of Pollinator-mediated Crops to Nutrients in the Human Food Supply},
	volume = 6,
	year = 2011}

@article{eppstein-2006-133,
	author = {Eppstein, M. J. and Bever, J. D. and Molofsky, J.},
	journal = {Ecol. Model.},
	pages = {133-147},
	title = {Spatio-temporal community dynamics induced by frequency dependent interactions},
	volume = 197,
	year = 2006}

@article{essenberg-2012-153,
	author = {Essenberg, C. J.},
	journal = {Am. Nat.},
	pages = {153-166},
	title = {Explaining variation in the effect of floral density on pollinator visitation},
	volume = 180,
	year = 2012}

@article{fahrig-2013-1649,
	author = {Fahrig, L},
	journal = {J. Biogeogr.},
	pages = {1649--1663},
	title = {Rethinking patch size and isolation effects: the habitat amount hypothesis},
	volume = 40,
	year = 2013}

@article{ferdy-2002-413,
	author = {Ferdy, J. and Molofsky, J.},
	journal = {J. Theor. Biol.},
	pages = {413--424},
	title = {Allee Effect, Spatial Structure and Species Coexistence},
	volume = 217,
	year = 2002}

@article{feulner-2008-340,
	author = {Feulner, P. G. D. and Kirschbaum, F. and Tiedemann, R.},
	journal = {J. Physiol. Paris},
	pages = {340--346},
	title = {Adaptive radiation in the {Congo River}: an ecological speciation scenario for {African} weakly electric fish ({Teleostei}; {Mormyridae}; \textit{{Campylomormyrus}})},
	volume = 102,
	year = 2008}

@book{fisher-1930-1,
	author = {Fisher, R. A.},
	edition = {1st},
	publisher = {Oxford: Clarendon Press},
	title = {The Genetical Theory of Natural Selection},
	year = 1930}

@article{flanagan-2009-809,
	author = {Flanagan, R. J. and Mitchell, R. J. and Knutowski, D. and Karron, J. D.},
	journal = {Am. J. Bot.},
	pages = {809-815},
	title = {Interspecific pollinator movements reduce pollen deposition and seed production in \textit{{Mimulus} ringens} ({Phrymaceae})},
	volume = 96,
	year = 2009}

@article{forrest-2015-706,
	author = {Forrest, J R K and Thorp, R W and Kremen, C and Williams, N M},
	journal = {J. Appl. Ecol.},
	pages = {706--715},
	title = {Contrasting patterns in species and functional-trait diversity of bees in an agricultural landscape},
	volume = 52,
	year = 2015}

@article{forup-2008-742,
	author = {Forup, M L and Henson, K S E and Craze, P G and Memmott, J},
	journal = {J. Appl. Ecol.},
	pages = {742--752},
	title = {The restoration of ecological interactions: plant-pollinator networks on ancient and restored heathlands},
	volume = 45,
	year = 2008}

@article{fourcade-2019-639,
	author = {Fourcade, Yoan and {\AA}str{\"{o}}m, Sandra and {\"{O}}ckinger, Erik},
	journal = {Biodivers. Conserv.},
	number = {3},
	pages = {639--653},
	title = {{Climate and land-cover change alter bumblebee species richness and community composition in subalpine areas}},
	volume = {28},
	year = {2019}}

@article{frank-1986-303,
	author = {Frank, S},
	journal = {J. Theor. Biol.},
	pages = {303--309},
	title = {Dispersal polymorphisms in subdivided populations},
	volume = 122,
	year = 1986}

@article{franzen-2013-1400,
	author = {Franz\'en, M and Nilsson, S G},
	journal = {Ecology},
	pages = {1400--1408},
	title = {High population variability and source-sink dynamics in a solitary bee species},
	volume = 94,
	year = 2013}

@article{fraser-2012-31,
	author = {Fraser, D F and Copley, C R and Elle, E and Cannings, R A},
	journal = {J. Entomol. Soc. B.C},
	pages = {31--37},
	title = {{Changes in the Status and Distribution of the Yellow-faced Bumble Bee (\textit{Bombus vosnesenskii}) in British Columbia}},
	volume = {109},
	year = {2012}}

@book{free-1959-book,
	author = {Free, John Brand and Butler, Colin Gasking},
	publisher = {Collins},
	title = {Bumblebees},
	year = {1959}}

@book{free-1993-1,
	author = {Free, J B},
	publisher = {London: Academic Press},
	title = {Insect pollination of crops},
	year = 1993}

@article{frishkoff-2014-1343,
	author = {Frishkoff, L O and Karp, D S and M'Gonigle, L K and Mendenhall, C D and Zook, J and Kremen, C and Hadly, E A and Daily, G C},
	journal = {Science},
	pages = {1343--1346},
	title = {Loss of avian phylogenetic diversity in neotropical agricultural systems},
	volume = 345,
	year = 2014}

@article{frishkoff-2016-1081,
	author = {Frishkoff, L O and Karp, D S and Flanders, J R and Zook, J and Hadly, E A and Daily, G C and M'Gonigle, L K},
	journal = {Ecol. Lett.},
	pages = {1081--1090},
	title = {Climate change and habitat conversion favour the same species},
	volume = 19,
	year = 2016}

@article{frishkoff-2017-198,
	author = {Frishkoff, L O and de Valpine, P and M'Gonigle, L K},
	journal = {Ecology},
	pages = {198--210},
	title = {Phylogenetic occupancy models integrate imperfect detection and phylogenetic signal to analyze community structure},
	volume = 98,
	year = 2017}

@article{fronhofer-2014-1838,
	author = {Fronhofer, E A and Stelz, J M and Lutz, E and Poethke, H J and Bonte, D},
	journal = {Evolution},
	number = {1838--1844},
	title = {Spatially correlated extinctions select for less emigration but larger dispersal distances in the spider mite \textit{Tetranychus urticae}},
	volume = 68,
	year = 2014}

@article{fukami-2015-1,
	author = {Fukami, T},
	journal = {Annu. Rev. Ecol. Evol. Syst.},
	pages = {1--23},
	title = {Historical contingency in community assembly: integrating niches, species pools, and priority effects},
	volume = 46,
	year = 2015}

@article{funk-2008-695,
	author = {Funk, J L and Cleland, E E and Suding, K N and Zavaleta, E S},
	journal = {Trends Ecol. Evol.},
	pages = {695--703},
	title = {Restoration through reassembly: plant traits and invasion resistance},
	volume = 23,
	year = 2008}

@article{galbraith2019wild,
	author = {Galbraith, Sara M and Cane, James H and Moldenke, Andrew R and Rivers, James W},
	journal = {Ecosphere},
	number = {4},
	pages = {e02668},
	publisher = {Wiley Online Library},
	title = {Wild bee diversity increases with local fire severity in a fire-prone landscape},
	volume = {10},
	year = {2019}}

@article{gallai-2009-810,
	author = {Gallai, N and Sallesc, J M and Setteled, J and Vaissi\`{e}re, B E},
	journal = {Ecolog. Econ.},
	pages = {810--821},
	title = {Economic valuation of the vulnerability of world agriculture confronted with pollinator decline},
	volume = 68,
	year = 2009}

@article{garibaldi-2011-1062,
	author = {Garibaldi, L A and Steffan-Dewenter, I and Kremen, C and Morales, J M and Bommarco, R and Cunningham, S A and Carvalheiro, L G and Chacoff, N P and Dudenh\"offer, J H and Greenleaf, S S and Holzschuh, A and Isaacs, R and Krewenka, K and Mandelik, Y and Mayfield, M M and Morandin, L A and Potts, S G and Ricketts, T H and Szentgy\"orgyi, H and Viana, B F and Westphal, C and Winfree, R and Klein, A M},
	journal = {Ecol. Lett.},
	pages = {1062--1072},
	title = {Stability of pollination services decreases with isolation from natural areas despite honey bee visits},
	volume = 14,
	year = 2011}

@article{garibaldi-2013-1608,
	author = {Garibaldi, L A and Steffan-Dewenter, I and Winfree, R and Aizen, M A and Bommarco, R and Cunningham, S A and Kremen, C and Carvalheiro, L G and Harder, L D and Afik, O and Bartomeus, I and Benjamin, F and Boreux, V and Cariveau, D and Chacoff, N P and Dudenh\"offer, J H and Freitas, B M and Ghazoul, J and Greenleaf, S S and Hip\'olito, J and Holzschuh, A and Howlett, B and Isaacs, R and Javorek, S K and Kennedy, C M and Krewenka, K M and Krishnan, S and Mandelik, Y and Mayfield, M M and Motzke, I and Munyuli, T and Nault, B A and Otieno, M and Petersen, J and Pisanty, G and Potts, S G and Rader, R and Ricketts, T H and Rundl\"of, M and Seymour, C L and Sch\"uepp, C and Szentgy\"orgyi, H and Taki, H and Tscharntke, T and Vergara, C H and Viana, B F and Wanger, T C and Westphal, C and Williams, N and Klein, A M},
	journal = {Science},
	pages = {1608--1611},
	title = {Wild Pollinators Enhance Fruit Set of Crops Regardless of Honey Bee Abundance},
	volume = 339,
	year = 2013}

@article{garibaldi-2014-439,
	author = {Garibaldi, L A and Carvalheiro, L G and Leonhardt, S D and Aizen, M A and Blaauw, B R and Isaacs, R and Kuhlmann, M and Kleijn, D and Klein, A M and Kremen, C and Morandin, L and Scheper, J and Winfree, R},
	journal = {Front. Ecol. Environ.},
	pages = {439--447},
	title = {From research to action: enhancing crop yield through wild pollinators},
	volume = 12,
	year = 2014}

@article{gascoigne-2009-355,
	author = {Gascoigne, J. and Berec, L. and Gregory, S. and Courchamp, F.},
	journal = {Popul. Ecol.},
	pages = {355-372},
	title = {Dangerously few liaisons: a review of mate-finding {Allee} effects},
	volume = 51,
	year = 2009}

@article{gathmann-1994-8,
	author = {Gathmann, A and Greiler, H -J and Tscharntke, T},
	journal = {Oecologia},
	pages = {8--14},
	title = {Trap-nesting bees and wasps colonizing set-aside fields: succession and bodysize, management bycutting and sowing},
	volume = 98,
	year = 1994}

@article{gavrilets-2003-2197,
	author = {Gavrilets, S.},
	journal = {Evolution},
	number = {2197--2215},
	title = {Models of speciation: what have we learned in 40 years?},
	volume = 57,
	year = 2003}

@article{ghazoul-2005-413,
	author = {Ghazoul, J.},
	journal = {Biol. Rev.},
	pages = {413-443},
	title = {Pollen and seed dispersal among dispersed plants},
	volume = 80,
	year = 2005}

@article{gianessi2013increasing,
	author = {Gianessi, Leonard P},
	journal = {Pest Manag. Sci.},
	number = {10},
	pages = {1099--1105},
	publisher = {Wiley Online Library},
	title = {The increasing importance of herbicides in worldwide crop production},
	volume = {69},
	year = {2013}}

@article{gill2012combined,
	author = {Gill, Richard J and Ramos-Rodriguez, Oscar and Raine, Nigel E},
	journal = {Nature},
	number = {7422},
	pages = {105--108},
	publisher = {Nature Publishing Group},
	title = {Combined pesticide exposure severely affects individual-and colony-level traits in bees},
	volume = {491},
	year = {2012}}

@article{gillespie-1976-403,
	author = {Gillespie, D. T.},
	journal = {J. Comput. Phys.},
	pages = {403--434},
	title = {General method for numerically simulating stochastic time evolution of coupled chemical-reactions},
	volume = 22,
	year = 1976}

@article{gilroy-2017-51,
	author = {Gilroy, J J and Edwards, D P},
	journal = {Curr. Landscape. Ecol. Rep.},
	pages = {51--60},
	title = {Source-sink dynamics: a neglected problem for landscape-scale biodiversity conservation in the tropics},
	volume = 2,
	year = 2017}

@article{goulson-2003-142,
	author = {Goulson, Dave},
	journal = {J. Food Agric. Environ.},
	pages = {142--144},
	title = {Conserving wild bees for crop pollination},
	volume = {1},
	year = {2003}}

@book{goulson-2003-book,
	author = {Goulson, Dave},
	publisher = {Oxford University Press, USA},
	title = {Bumblebees: their behaviour and ecology},
	year = {2003}}

@article{goulson-2008-191,
	author = {Goulson, D and Lye, G C and Darvill, B},
	journal = {Annu. Rev. Entomol.},
	pages = {191--208},
	title = {Decline and conservation of bumble bees},
	volume = {53},
	year = {2008}}

@article{goulson-2010-7,
	author = {Goulson, Dave},
	journal = {Appl. Entomol. Zool.},
	pages = {7--12},
	title = {Impacts of non-native bumblebees in Western Europe and North America},
	volume = {45},
	year = {2010}}

@article{goulson2005causes,
	author = {Goulson, Dave and Hanley, Michael E and Darvill, Ben and Ellis, JS and Knight, Mairi E},
	journal = {Biol. Conserv.},
	number = {1},
	pages = {1--8},
	publisher = {Elsevier},
	title = {Causes of rarity in bumblebees},
	volume = {122},
	year = {2005}}

@article{graves-2020-3141,
	author = {Graves, T A and Janousek, W M and Gaulke, S M and Nicholas, A C and Keinath, D A and Bell, C M and Cannings, S and Hatfield, R G and Heron, J M and Koch, J B and Loffland, H L and Richardson, L L and Rohde, A T and Rykken, J and Strange, J P and Tronstad, L M and Sheffield, C S},
	journal = {Ecosphere},
	pages = {e03141},
	title = {{Western bumble bee: declines in the continental United States and range-wide information gaps}},
	volume = {11},
	number = {6},
	year = {2020}}

@article{gray-2000-14449,
	author = {Gray, D. A. and Cade, W. H.},
	journal = {Proc. Natl. Acad. Sci. USA},
	pages = {14449-14454},
	title = {Sexual selection and speciation in field crickets},
	volume = 97,
	year = 2000}

@phdthesis{greenleaf-2005,
	author = {Greenleaf, S S},
	school = {Princeton University},
	title = {Local-scale and foraging-scale affect bee community abundances, species richness, and pollination services in {Northern California}},
	year = 2005}

@article{greenleaf-2006-13890,
	author = {Greenleaf, S S and Kremen, C},
	journal = {Proc. Natl. Acad. Sci. U.S.A.},
	number = 37,
	pages = {13890--13895},
	title = {Wild bees enhance honey bees' pollination of hybrid sunflower},
	volume = 103,
	year = 2006}

@article{greenspoon-2013-1,
	author = {Greenspoon, P. B. and M'Gonigle, L. K.},
	journal = {Trends. Ecol. Evol.},
	pages = {1-2},
	title = {Can positive frequency dependence facilitate plant coexistence?},
	volume = 1,
	year = 2013}

@article{grixti2009decline,
	author = {Grixti, Jennifer C and Wong, Lisa T and Cameron, Sydney A and Favret, Colin},
	journal = {Biol. Conserv.},
	number = {1},
	pages = {75--84},
	title = {{Decline of bumble bees (\textit{Bombus}) in the North American Midwest}},
	volume = {142},
	year = {2009}}

@article{guzman2021using,
	author = {Guzman, Laura Melissa and Johnson, Sarah A and Mooers, Arne O and M'Gonigle, Leithen K},
	journal = {Biol. Conserv.},
	pages = {109141},
	publisher = {Elsevier},
	title = {Using historical data to estimate bumble bee occurrence: Variable trends across species provide little support for community-level declines},
	volume = {257},
	year = {2021}}

@article{haaland-2011-60,
	author = {Haaland, C and Naisbit, R E and Bersier, L F},
	journal = {Insect Conserv. Divers.},
	pages = {60--80},
	title = {Sown wildflower strips for insect conservation: a review},
	volume = 4,
	year = 2011}

@article{haigh-1972-290,
	author = {Haigh, J. and Maynard-Smith, J.},
	journal = {Theor. Popul. Biol.},
	pages = {290--299},
	title = {Can there be more predators than prey?},
	volume = 3,
	year = 1972}

@article{haller-2013-e127,
	author = {Haller, B C and Mazzucco, R and Dieckmann, U},
	journal = {Am. Nat.},
	pages = {e127--e141},
	title = {Evolutionary Branching in Complex Landscapes},
	volume = 182,
	year = 2013}

@article{hatfield-2021-98,
	author = {Hatfield, Richard G and Jepsen, Sarina},
	journal = {California Fish and Wildlife Journal},
	pages = {98--106},
	title = {{A conservation conundrum: protecting bumble bees under the California Endangered Species Act}},
	year = {2021}}

@article{heino-2001-495,
	author = {Heino, M and Hanski, I},
	journal = {Am, Nat.},
	pages = {495--511},
	title = {Evolution of migration rate in a spatially realistic metapopulation model},
	volume = 157,
	year = 2001}

@book{heinrich-2004-book,
	author = {Heinrich, Bernd},
	publisher = {Harvard University Press},
	title = {{Bumblebee Economics}},
	year = {2004}}

@article{hemberger2021historical,
	author = {Hemberger, Jeremy and Crossley, Michael S and Gratton, Claudio},
	journal = {Ecol. Lett.},
	pages = {1800-1813},
	publisher = {Wiley Online Library},
	title = {Historical decrease in agricultural landscape diversity is associated with shifts in bumble bee species occurrence},
	volume = {24},
	year = {2021}}

@article{henriques-2015-2014,
	author = {Henriques-Silva, R and Boivin, F and Calcagno, V and Urban, M C and Peres-Neto, P R},
	journal = {Proc. R. Soc. B},
	pages = {20142879},
	title = {On the evolution of dispersal via heterogeneity in spatial connectivity},
	volume = {282},
	year = {2015}}

@article{herbertsson2021long,
	author = {Herbertsson, Lina and Khalaf, Reem and Johnson, Karin and Bygebjerg, Rune and Blomqvist, Sofia and Persson, Anna S},
	journal = {Basic and Applied Ecology},
	pages = {116--123},
	publisher = {Elsevier},
	title = {Long-term data shows increasing dominance of Bombus terrestris with climate warming},
	volume = {53},
	year = {2021}}

@article{hickling2006distributions,
	author = {Hickling, Rachael and Roy, David B and Hill, Jane K and Fox, Richard and Thomas, Chris D},
	journal = {Glob. Chang. Biol.},
	number = {3},
	pages = {450--455},
	publisher = {Wiley Online Library},
	title = {The distributions of a wide range of taxonomic groups are expanding polewards},
	volume = {12},
	year = {2006}}

@article{higa2015mapping,
	author = {Higa, Motoki and Yamaura, Yuichi and Koizumi, Itsuro and Yabuhara, Yuki and Senzaki, Masayuki and Ono, Satoru},
	journal = {Diversity and Distributions},
	number = {1},
	pages = {46--54},
	publisher = {Wiley Online Library},
	title = {Mapping large-scale bird distributions using occupancy models and citizen data with spatially biased sampling effort},
	volume = {21},
	year = {2015}}

@article{hoehn-2008-2283,
	author = {Hoehn, P and Tscharntke, T and Tylianakis, J M and and Steffan-Dewenter, I},
	journal = {Proc. R. Soc. B},
	pages = {2283-2291},
	title = {Functional group diversity of bee pollinators increases crop yield},
	volume = 275,
	year = 2008}

@article{hollander-2017-515,
	author = {Hollander, Franck A and Titeux, Nicolas and Holveck, Marie-Jeanne and Van Dyck, Hans},
	journal = {Am. Nat.},
	pages = {515--525},
	title = {Timing of breeding in an ecologically trapped bird},
	volume = {189},
	year = {2017}}

@article{hollocher-1997-1175,
	author = {Hollocher, H. and Ting, C. and Pollack, F. and Wu, C.},
	journal = {Evolution},
	pages = {1175--1181},
	title = {Incipient speciation by sexual isolation in \textit{{Drosophila} melanogaster}: variation in mating preference and correlation between sexes},
	volume = 51,
	year = 1997}

@article{hopf-1985-27,
	author = {Hopf, F. A. and Hopf, F. W.},
	journal = {Theor. Popul. Biol.},
	pages = {27--50},
	title = {The role of the {Allee} effect in species packing},
	volume = 27,
	year = 1985}

@article{hovestadt-2001-385,
	author = {Hovestadt, T and Messner, S and Hans, J P},
	journal = {Proc. R. Soc. B},
	pages = {385--391},
	title = {Evolution of reduced dispersal mortality and 'fat-tailed' dispersal kernels in autocorrelated landscapes},
	volume = {268},
	year = {2001}}

@book{hubbell-2001-1,
	address = {New Jersey, USA},
	author = {Hubbell, S. P.},
	publisher = {Princeton University Press},
	title = {The unified neutral theory of biodiversity and biogeography},
	year = 2001}

@article{huber-2003-62,
	author = {Huber, B. A.},
	journal = {Org. Divers. Evol.},
	pages = {63--71},
	title = {Rapid evolution and species-specificity of arthropod genitalia: fact or artifact?},
	volume = 3,
	year = 2003}

@book{hurd-1974,
	author = {Hurd, P D and Linsley, E G and Michelbacher, A E},
	publisher = {Smithsonian Institution Press},
	title = {Ecology of the squash and gourd bee, {\textit{Peponapis pruinosa}}, on cultivated cucurbits in California (Hymenoptera: Apoidea)},
	year = {1974}}

@article{hurd-1980-301,
	author = {Hurd, P D and Wallace-LaBerge, E and Linsley, G E},
	journal = {Bot. Jahrb. Syst. Pflanzengesch. Pflanzengeogr},
	pages = {301--313},
	title = {Principal sunflower bees of {North America} with emphasis on the {Southwestern United States} (Hymenoptera: Apoidea)-Smithsonian Contr. Zool., 310: 1-158. Igersheim A., 1993-Floral development and secondary pollen presentation in Petromarula Vent. ex Hedwig f.(Campanulaceae)},
	volume = 115,
	year = 1980}

@article{hutchinson-1961-137,
	author = {Hutchinson, G E},
	journal = {Am. Nat.},
	pages = {137--145},
	title = {The paradox of the plankton},
	volume = 95,
	year = 1961}

@article{iknayan-2014-97,
	author = {Iknayan, K J and Tingley, M W and Furnas, B J and Beissinger, S R},
	journal = {Trends Ecol. Evol.},
	pages = {97--106},
	title = {Detecting diversity: emerging methods to estimate species diversity},
	volume = 29,
	year = 2014}

@article{iknayan-2018-8597,
	author = {Iknayan, K J and Beissinger, S R},
	journal = {Proc. Natl. Acad. Sci. USA},
	pages = {8597--8602},
	title = {Collapse of a desert bird community over the past century driven by climate change},
	volume = {115},
	year = {2018}}

@article{iknayan2014detecting,
	author = {Iknayan, Kelly J and Tingley, Morgan W and Furnas, Brett J and Beissinger, Steven R},
	journal = {Trends in ecology \& evolution},
	number = {2},
	pages = {97--106},
	publisher = {Elsevier},
	title = {Detecting diversity: emerging methods to estimate species diversity},
	volume = {29},
	year = {2014}}

@article{inoue-2008-135,
	author = {Inoue, M N and Yokoyama, J and Washitani, I},
	journal = {J. Insect Conserv.},
	pages = {135--146},
	title = {Displacement of Japanese native bumblebees by the recently introduced Bombus terrestris (L.)(Hymenoptera: Apidae)},
	volume = {12},
	year = {2008}}

@article{irwin-2001-333,
	author = {Irwin, D. E. and Bensch, S. and Price, T. D.},
	journal = {Nature},
	pages = {333--337},
	title = {Speciation in a ring},
	volume = 409,
	year = 2001}

@article{isaac-2014-1052,
	author = {Isaac, Nick JB and van Strien, Arco J and August, Tom A and de Zeeuw, Marnix P and Roy, David B},
	journal = {Methods Ecol. Evol.},
	number = {10},
	pages = {1052--1060},
	publisher = {Wiley Online Library},
	title = {Statistics for citizen science: extracting signals of change from noisy ecological data},
	volume = {5},
	year = {2014}}

@article{isbell-2011-199,
	author = {Isbell, F and Calcagno, V and Hector, A and Connolly, J and Harpole, W S and Reich, P B and Scherer-Lorenzen, M and Schmid, B and Tilman, D and van Ruijven, J and Weigelt, A and Wilsey, B J and Zavaleta, E S and Loreau, M},
	journal = {Nature},
	pages = {199-202},
	title = {High plant diversity is needed to maintain ecosystem services},
	volume = 477,
	year = 2011}

@article{jacobson2018decline,
	author = {Jacobson, Molly M and Tucker, Erika M and Mathiasson, Minna E and Rehan, Sandra M},
	journal = {Biol. Conserv.},
	pages = {437--445},
	publisher = {Elsevier},
	title = {{Decline of bumble bees in northeastern North America, with special focus on \textit{Bombus terricola}}},
	volume = {217},
	number = {12},
	year = {2018}}

@article{javorek-2002-345,
	author = {Javorek, SK and Mackenzie, KE and Vander Kloet, SP},
	journal = {Ann. Entomol. Soc. Am.},
	number = {3},
	pages = {345--351},
	title = {Comparative pollination effectiveness among bees (Hymenoptera: Apoidea) on lowbush blueberry (Ericaceae: Vaccinium angustifolium)},
	volume = {95},
	year = {2002}}

@article{jeffers-2017-510,
	author = {Jeffers, D},
	journal = {J. Apic. Res.},
	pages = {510--513},
	title = {{The foraging behavior of a species of bumble bee (\textit{Bombus pomorum}) that became extinct in the British Isles in the nineteenth century}},
	volume = {56},
	year = {2017}}

@article{jha2013urban,
	author = {Jha, Shalene and Kremen, Claire},
	journal = {Molecular Ecology},
	number = {9},
	pages = {2483--2495},
	publisher = {Wiley Online Library},
	title = {Urban land use limits regional bumble bee gene flow},
	volume = {22},
	year = {2013}}

@article{johansson-2006-572,
	author = {Johansson, J. and Ripa, J.},
	journal = {Am. Nat.},
	pages = {572--578},
	title = {Will sympatric speciation fail due to stochastic competitive exclusion?},
	volume = 168,
	year = 2006}

@article{johnson-2006-361,
	author = {Johnson, D. M. and Liebhold, A. M. and Tobin, P. C. and Bj{\o}rnstad, O. N.},
	journal = {Nature},
	pages = {361-363},
	title = {Allee effects and pulsed invasion by the gypsy moth},
	volume = 444,
	year = 2006}

@article{jonsson-2021-early,
	author = {J{\"o}nsson, Galina M and Broad, Gavin R and Sumner, Seirian and Isaac, Nick J B},
	journal = {Insect Conserv. Divers.},
	pages = {543-555},
	publisher = {Wiley Online Library},
	title = {A century of social wasp occupancy trends from natural history collections: spatiotemporal resolutions have little effect on model performance},
	volume = {14},
	number = {5},
	year = {2021}}

@article{kadoya2010predicting,
	author = {Kadoya, Taku and Washitani, Izumi},
	journal = {Biol. Conserv.},
	number = {5},
	pages = {1228--1235},
	title = {Predicting the rate of range expansion of an invasive alien bumblebee (\textit{Bombus terrestris}) using a stochastic spatio-temporal model},
	volume = {143},
	year = {2010}}

@article{kammerer-2021-1,
	author = {Kammerer, Melanie and Goslee, Sarah C. and Douglas, Margaret R. and Tooker, John F. and Grozinger, Christina M.},
	journal = {Global Change Biology},
	number = {6},
	pages = {1250-1265},
	title = {{Wild bees as winners and losers: Relative impacts of landscape composition, quality, and climate}},
	volume = {27},
	year = {2021}}

@article{kamp-2016-1024,
	author = {Kamp, Johannes and Oppel, Steffen and Heldbjerg, Henning and Nyegaard, Timme and Donald, Paul F},
	journal = {Diversity and Distributions},
	number = {10},
	pages = {1024--1035},
	publisher = {Wiley Online Library},
	title = {Unstructured citizen science data fail to detect long-term population declines of common birds in Denmark},
	volume = {22},
	year = {2016}}

@article{karger2017climatologies,
	author = {Karger, Dirk Nikolaus and Conrad, Olaf and B{\"o}hner, J{\"u}rgen and Kawohl, Tobias and Kreft, Holger and Soria-Auza, Rodrigo Wilber and Zimmermann, Niklaus E and Linder, H Peter and Kessler, Michael},
	journal = {Sci. Data},
	number = {170122},
	publisher = {Nature Publishing Group},
	title = {Climatologies at high resolution for the earth's land surface areas},
	volume = {4},
	year = {2017}}

@article{karger2018chelsacruts,
	author = {Karger, D N and Zimmermann, N E},
	doi = {10.16904/envidat.159},
	journal = {EnviDat.(https://www. envidat. ch/dataset/chelsacruts)},
	title = {{CHELSAcruts--high resolution temperature and precipitation timeseries for the 20th century and beyond}},
	year = {2018},
	Bdsk-Url-1 = {https://doi.org/10.16904/envidat.159}}

@article{karp-2016-1402,
	author = {Karp, D S and Moses, R and Gennet, S and Jones, M S and Joseph, S and M'Gonigle, L K and Ponisio, L C and Snyder, W E and Kremen, C},
	journal = {J. Appl. Ecol.},
	number = {1402--1412},
	title = {Agricultural practices for food safety threaten pest control services for fresh produce},
	volume = 54,
	year = 2016}

@article{kearns-1998-83,
	author = {Kearns, C A and Inouye, D W and Waser, N M},
	journal = {Annu. Rev. Ecol. Evol. Syst.},
	pages = {83--112},
	title = {Endangered Mutualisms: The Conservation of Plant-Pollinator Interactions},
	volume = 29,
	year = 1998}

@article{kearns-2001-5,
	author = {Kearns, C A},
	journal = {Conserv. Ecol.},
	number = {1},
	pages = {5},
	title = {{North American} dipteran pollinators: assessing their value and conservation status},
	volume = {5},
	year = {2001}}

@article{keitt-2001-203,
	author = {Keitt, T. H. and Lewis, M. A. and Holt, R. D.},
	journal = {Am. Nat.},
	pages = {203--216},
	title = {Allee effects, invasion pinning, and species' borders},
	volume = 157,
	year = 2001}

@article{keitt-2009-1561,
	author = {Keitt, T H},
	journal = {Ecol. Appl.},
	pages = {1561--1573},
	title = {Habitat conversion, extinction thresholds, and pollination services in agroecosystems},
	volume = 19,
	year = 2009}

@article{kennedy-2013-584,
	author = {Kennedy, C M and Lonsdorf, E and Neel, M C and Williams, N M and Ricketts, T H and Winfree, R and Bommarco, R and Brittain, C and Burley, A L and Cariveau, D and Carvalheiro, L G and Chacoff, N P and Cunningham, S A and Danforth, B N and Dudenh\"offer, J H and Elle, E and Gaines, H R and Garibaldi, L A and Gratton, C and Holzschuh, A and Isaacs, R and Javorek, S K and Jha, S and Klein, A M and Krewenka, K and Mandelik, Y and Mayfield, M M and Morandin, L and Neame, L A and Otieno, M and Park, M and Potts, S G and Rundl\"of, M and Saez, A and Steffan-Dewenter, I and Taki, H and Viana, B F and Westphal, C and Wilson, J K and Greenleaf, S S and Kremen, C},
	journal = {Ecol. Lett.},
	pages = {584--599},
	title = {A global quantitative synthesis of local and landscape effects on wild bee pollinators in agroecosystems},
	volume = 16,
	year = 2013}

@article{kerr-2015-177,
	author = {Kerr, J T and Pindar, A and Galpern, P and Packer, L and Potts, S G and Roberts, S M and Rasmont, P and Schweiger, O and Colla, S R and Richardson, L L and Wagner, D L and Gall, L F and Sikes, D S and Pantoja, A},
	journal = {Science},
	pages = {177--180},
	title = {Climate change impacts on bumblebees converge across continents},
	volume = {349},
	number = {6244},
	year = {2015}}

@article{kerr2015climate,
	author = {Kerr, J T and Pindar, A and Galpern, P and Packer, L and Potts, S G and Roberts, S M and Rasmont, P and Schweiger, O and Colla, S R and Richardson, L L and others},
	journal = {Science},
	number = {6244},
	pages = {177--180},
	publisher = {American Association for the Advancement of Science},
	title = {Climate change impacts on bumblebees converge across continents},
	volume = {349},
	year = {2015}}

@book{kery-2010,
	author = {K\'ery, M},
	publisher = {Academic Press, Elsevier},
	title = {Introduction to WinBUGS for Ecologists: A Bayesian Approach to Regression, ANOVA and Related Analyses},
	year = 2010}

@article{kery2010site,
	author = {Kery, Marc and Royle, J Andrew and Schmid, Hans and Schaub, Michael and Volet, Bernard and Haefliger, Guido and Zbinden, Niklaus},
	journal = {Conserv. Biol.},
	number = {5},
	pages = {1388--1397},
	publisher = {Wiley Online Library},
	title = {Site-occupancy distribution modeling to correct population-trend estimates derived from opportunistic observations},
	volume = {24},
	year = {2010}}

@book{kery2011bayesian,
	author = {K{\'e}ry, Marc and Schaub, Michael},
	publisher = {Academic Press},
	title = {Bayesian population analysis using WinBUGS: a hierarchical perspective},
	year = {2011}}

@article{kirkpatrick-1982-1,
	author = {Kirkpatrick, M.},
	journal = {Evolution},
	pages = {1--12},
	title = {Sexual Selection and the evolution of female choice},
	volume = 36,
	year = 1982}

@article{kisdi-2002-579,
	author = {Kisdi, E},
	journal = {Am. Nat.},
	pages = {579--596},
	title = {Dispersal: Risk Spreading versus Local Adaptation},
	volume = 159,
	year = 2002}

@article{kleijn-2006-243,
	author = {Kleijn, D and Baquero, R A and Clough, Y and Diaz, M and De Esteban, J and Fernandez, F and Gabriel, D and Herzog, F and Holzschuh, A and J{\"o}hl, R and Knop, E and Kruess, A and Marshall, E J P and Steffan-Dewenter, I and Tscharntke, T and Verhulst, J and West, T M and Yela, J L},
	journal = {Ecol. Lett.},
	pages = {243--254},
	title = {Mixed biodiversity benefits of agri-environment schemes in five European countries},
	volume = 9,
	year = 2006}

@article{kleijn-2015-7414,
	author = {Kleijn, D and Winfree, R and Bartomeus, I and Carvalheiro, L G and Henry, M and Isaacs, R and Klein, A M and Kremen, C and M'Gonigle, L K and Rader, R and Ricketts, T H and Williams, N M and Adamson, N L and Ascher, J S and B\'aldi, A and Bat\'ary, P and Benjamin, F and Biesmeijer, J C and Blitzer, E J and Bommarco, R and Brand, M R and Bretagnolle, V and Button, L and Cariveau, D P and Chifflet, R and Colville, J F and Danforth, B N and Elle, E and Garratt, M P D and Herzog, F and Holzschuh, A and Howlett, B G and Jauker, F and Jha, S and Knop, E and Krewenka, K M and Le F\'eon, V and Mandelik, Y and May, E A and Park, M G and Pisanty, G and Reemer, M and Riedinger, V and Rollin, O and Rundl\"of, M and Sardi{\~{n}}as, H S and Scheper, J and Sciligo, A R and Smith, H G and Steffan-Dewenter, I and Thorp, R and Tscharntke, T and Verhulst, J and Viana, B F and Vaissi\'ere, B E and Veldtman, R and Westphal, C and Potts, S G},
	journal = {Nat. Commun.},
	title = {Delivery of crop pollination services is an insufficient argument for wild pollinator conservation},
	volume = 6,
	year = 2015}

@article{klein-2003-955,
	author = {Klein, A M and Steffan-Dewenter, I and Tscharntke, T},
	journal = {Proc. R. Soc. B},
	pages = {955--961},
	title = {Fruit set of highland coffee increases with the diversity of pollinating bees},
	volume = 270,
	year = 2003}

@article{klein-2007-303,
	author = {Klein, A M and Vaissi\`{e}re, B E and Cane, J H and Steffan-Dewenter, I and Cunningham, S A and Kremen, C and Tscharntke, T},
	journal = {Proc. R. Soc. B},
	pages = {303--313},
	title = {Importance of pollinators in changing landscapes for world crops},
	volume = 274,
	year = 2007}

@inbook{klein-2009-195,
	author = {Klein, A M and M{\"u}ller, C M and Hoehn, P and Kremen, C},
	chapter = {Understanding the role of species richness for pollination services},
	pages = {195--208},
	publisher = {Oxford University Press, Oxford},
	title = {Biodiversity, Ecosystem Functioning, and Human Wellbeing: An Ecological and Economic Perspective},
	year = 2009}

@article{klein-2012-723,
	author = {Klein, A M and Brittain, C and Hendrix, S D and Thorp, R and Williams, N and Kremen, C},
	journal = {J. Appl. Ecol.},
	pages = {723--732},
	title = {Wild pollination services to California almond rely on semi-natural habitat.},
	volume = 49,
	year = 2012}

@article{klein2017anthropogenic,
	author = {Goldewijk, Kees Klein  and Beusen, Arthur and Doelman, Jonathan and Stehfest, Elke},
	journal = {Earth Syst. Sci. Data},
	pages = {927--953},
	publisher = {Copernicus Publications},
	title = {{Anthropogenic land use estimates for the Holocene--HYDE 3.2}},
	volume = {9},
	year = {2017}}

@article{koch-1974-387,
	author = {Koch, A. L.},
	journal = {J. Theor. Biol.},
	pages = {387--395},
	title = {Competitive coexistence of two predators utilizing the same prey under constant environmental conditions},
	volume = 44,
	year = 1974}

@article{koh2016modeling,
	author = {Koh, Insu and Lonsdorf, Eric V and Williams, Neal M and Brittain, Claire and Isaacs, Rufus and Gibbs, Jason and Ricketts, Taylor H},
	journal = {Proc. Natl. Acad. Sci.},
	number = {1},
	pages = {140--145},
	publisher = {National Acad Sciences},
	title = {{Modeling the status, trends, and impacts of wild bee abundance in the United States}},
	volume = {113},
	year = {2016}}

@article{kohler-2008-753,
	author = {Kohler, F and Verhulst, J and van Klink, R and Kleijn, D},
	journal = {J. Appl. Ecol.},
	number = 3,
	pages = {753--762},
	title = {At what spatial scale do high-quality habitats enhance the diversity of forbs and pollinators in intensively farmed landscapes?},
	volume = 45,
	year = 2008}

@article{kramer-2009-341,
	author = {Kramer, A. M. and Dennis, B. and Liebhold, A. M. and Drake, J. M.},
	journal = {Popul. Ecol.},
	pages = {341--354},
	title = {The evidence for {Allee} effects},
	volume = 51,
	year = 2009}

@article{kremen-2002-16812,
	author = {Kremen, C and Williams, N M and Thorp, R W},
	journal = {Proc. Natl. Acad. Sci. USA},
	pages = {16812--16816},
	title = {Crop pollination from native bees at risk from agricultural intensification},
	volume = 99,
	year = 2002}

@article{kremen-2002-41,
	author = {Kremen, C and Bugg, R L and Nicola, N and Smith, S A and Thorp, R W and Williams, N M},
	journal = {Fremontia},
	pages = {41--49},
	title = {Native bees, native plants and crop pollination in California},
	volume = 30,
	year = 2002}

@article{kremen-2004-1109,
	author = {Kremen, C and Williams, N M and Bugg, R L and Fay, J P and Thorp, R W},
	journal = {Ecol. Lett.},
	pages = {1109-1119},
	title = {The area requirements of an ecosystem service: crop pollination by native bee communities in {California}},
	volume = 7,
	year = 2004}

@article{kremen-2007-299,
	author = {Kremen, C and Williams, N M and Aizen, M A and Gemmill-Herren, B and LeBuhn, G and Minckley, R and Packer, L and Potts, S G and Roulston, T and Steffan-Dewenter, I and V{\'a}zquez, D P and Winfree, R and Adams, L and Crone, E E and Greenleaf, S S and Keitt, T T and Klein, A and Regetz, J and Ricketts, T H},
	journal = {Ecol. Lett.},
	pages = {299--314},
	title = {Pollination and other ecosystem services produced by mobile organisms: a conceptual framework for the effects of land-use change},
	volume = 10,
	year = 2007}

@inbook{kremen-2008-10,
	author = {Kremen, C},
	chapter = {Crop Pollination Services From Wild Bees},
	pages = {10--26},
	publisher = {New York: Oxford University Press},
	title = {Bee Pollinators in Agricultural Ecosystems},
	year = 2008}

@article{kremen-2011-607,
	author = {Kremen, C and Ullman, K S and Thorp, R W},
	journal = {Conserv. Biol.},
	pages = {607--617},
	title = {Evaluating the Quality of Citizen-Scientist Data on Pollinator Communities},
	volume = 25,
	year = 2011}

@article{kremen-2014-602,
	author = {Kremen, C and M'Gonigle, L K},
	journal = {J. Appl. Ecol.},
	pages = {602--610},
	title = {Small-scale restoration in intensive agricultural landscapes supports more specialized and less mobile pollinator species},
	volume = 52,
	year = 2015}

@article{kremen-2014-x,
	author = {Kremen, C and M'Gonigle, L K},
	journal = {J. Appl. Ecol., In Revision},
	pages = {0--0},
	title = {Small-scale restoration in intensive agricultural landscapes supports more specialized and less mobile pollinator species},
	volume = 0,
	year = 2015}

@article{kremen-2015-602,
	author = {Kremen, C and M'Gonigle, L K},
	journal = {J. Appl. Ecol.},
	pages = {602--610},
	title = {Small-scale restoration in intensive agricultural landscapes supports more specialized and less mobile pollinator species},
	volume = 52,
	year = 2015}

@article{lande-1981-3721,
	author = {Lande, R.},
	journal = {Proc. Natl. Acad. Sci. USA},
	pages = {3721--3725},
	title = {Models of speciation by sexual selection on polygenic traits},
	volume = 78,
	year = 1981}

@article{lande-1982-213,
	author = {Lande, R.},
	journal = {Evolution},
	pages = {213--223},
	title = {Rapid origin of sexual isolation and character divergence in a cline},
	volume = 36,
	year = 1982}

@article{lande-1988-85,
	author = {Lande, R. and Kirkpatrick, M.},
	journal = {J. Theor. Biol.},
	pages = {85--98},
	title = {Ecological speciation by sexual selection},
	volume = 133,
	year = 1988}

@article{larsen-2005-538,
	author = {Larsen, T H and Williams, N M and Kremen, C},
	journal = {Ecol. Lett.},
	pages = {538--547},
	title = {Extinction order and altered community structure rapidly disrupt ecosystem functioning},
	volume = 8,
	year = 2005}

@incollection{lawton-1993-255,
	author = {Lawton, John H and Brown, Valerie K},
	booktitle = {Biodiversity and Ecosystem Function},
	editor = {Schulze, E D and Mooney, H A},
	publisher = {Springer},
	title = {Redundancy in ecosystems},
	year = 1993}

@article{laycock2012effects,
	author = {Laycock, Ian and Lenthall, Kate M and Barratt, Andrew T and Cresswell, James E},
	journal = {Ecotoxicology},
	number = {7},
	pages = {1937--1945},
	publisher = {Springer},
	title = {Effects of imidacloprid, a neonicotinoid pesticide, on reproduction in worker bumble bees (Bombus terrestris)},
	volume = {21},
	year = {2012}}

@article{lee2019climate,
	author = {Lee, Calvin KF and Williams, Paul H and Pearson, Richard G},
	journal = {Frontiers of Biogeography},
	number = {4},
	title = {Climate change vulnerability higher in arctic than alpine bumblebees},
	volume = {11},
	year = {2019}}

@article{levin-1974-207,
	author = {Levin, S. A.},
	journal = {Am. Nat.},
	pages = {207--228},
	title = {Dispersion and population interactions},
	volume = 108,
	year = 1974}

@incollection{levin-1979-210,
	author = {Levin, S. A.},
	booktitle = {Pattern formation by dynamic systems and pattern recognition},
	pages = {210--222},
	publisher = {Springer},
	title = {Non-uniform stable solutions to reaction-diffusion equations: applications to ecological pattern formation},
	year = {1979}}

@book{lockwood-2007-1,
	author = {Lockwood, J. L. and Hoopes, M. F. and Marchetti, M. P.},
	publisher = {Blackwell Publishing Ltd.},
	title = {Invasion ecology},
	year = 2007}

@article{loffland2017bumble,
	author = {Loffland, Helen L and Polasik, Julia S and Tingley, Morgan W and Elsey, Erin A and Loffland, Chuck and Lebuhn, Gretchen and Siegel, Rodney B},
	journal = {J. Wildl. Manag.},
	number = {6},
	pages = {1084--1097},
	publisher = {Wiley Online Library},
	title = {{Bumble bee use of post-fire chaparral in the central Sierra Nevada}},
	volume = {81},
	year = {2017}}

@article{lonsdorf-2009-1589,
	author = {Lonsdorf, E and Kremen, C and Ricketts, T and Winfree, R and Williams, N and Greenleaf, S},
	journal = {Ann. Bot.},
	pages = {1589--1600},
	title = {Modelling pollination services across agricultural landscapes},
	volume = 103,
	year = 2009}

@incollection{lonsdorf-2011-168,
	author = {Lonsdorf, E and Ricketts, T H and Kremen, C and Winfree, R and Greenleaf, S and Williams, N M},
	booktitle = {The Theory and Practice of Ecosystem Service Valuation in Conservation},
	editor = {Kareiva, P and Daily, GC and Ricketts, TH Tallis, H. and Polasky, S},
	publisher = {Oxford University Press},
	title = {Crop Pollination Services},
	year = 2011}

@article{looney-2019-1879,
	author = {Looney, C and Strange, J P and Freeman, M and Jennings, D},
	journal = {Biol. Invasions},
	pages = {1879--1885},
	title = {{The expanding Pacific Northwest range of \textit{Bombus impatiens} Cresson and its establishment in Washington State}},
	volume = {21},
	year = {2019}}

@article{lotter2014modelling,
	author = {L{\"o}tter, Daleen and le Maitre, David},
	journal = {Ecol. Evol.},
	number = {8},
	pages = {1209--1221},
	publisher = {Wiley Online Library},
	title = {Modelling the distribution of Aspalathus linearis (Rooibos tea): implications of climate change for livelihoods dependent on both cultivation and harvesting from the wild},
	volume = {4},
	year = {2014}}

@article{mackenzie-2002-2248,
	author = {MacKenzie, D I and Nichols, J D and Lachman, G B and Droege, S and Royle, J A and Langtimm, C A},
	journal = {Ecology},
	pages = {2248--2255},
	title = {Estimating site occupancy rates when detection probabilities are less than one},
	volume = {83},
	year = {2002}}

@article{mackenzie-2004-546,
	author = {MacKenzie, D I and Bailey, L L and Nichols, J D},
	journal = {J. Anim. Ecol.},
	pages = {546--555},
	title = {Investigating species co-occurrence patterns when species are detected imperfectly},
	volume = 73,
	year = 2004}

@book{mackenzie-2006,
	author = {MacKenzie, D I and Nichols, J D and Royle, J A and Pollock, K H and Bailey, L L and Hines, J E},
	publisher = {Elsevier, Burlington, Massachusetts, USA},
	title = {Occupancy estimation and modeling: inferring patterns and dynamics of species occurrence},
	year = 2006}

@article{mackenzie2002estimating,
	author = {MacKenzie, Darryl I and Nichols, James D and Lachman, Gideon B and Droege, Sam and Andrew Royle, J and Langtimm, Catherine A},
	journal = {Ecology},
	number = {8},
	pages = {2248--2255},
	publisher = {Wiley Online Library},
	title = {Estimating site occupancy rates when detection probabilities are less than one},
	volume = {83},
	year = {2002}}

@article{mallet-2008-2971,
	author = {Mallet, J.},
	journal = {Phil. Trans. R. Soc. B},
	pages = {2971--2986},
	title = {Hybridization, ecological races and the nature of species: empirical evidence for the ease of speciation},
	volume = 363,
	year = 2008}

@article{mallet-2009-2332,
	author = {Mallet, J. and Meyer, A. and Nosil, P. and Feder, J. L.},
	journal = {J. Evol. Bio.},
	pages = {2332--2341},
	title = {Space, sympatry and speciation},
	volume = 22,
	year = 2009}

@manual{maptools-package,
	author = {Roger Bivand and Nicholas Lewin-Koh},
	note = {R package version 1.1-1},
	title = {maptools: Tools for Handling Spatial Objects},
	url = {https://CRAN.R-project.org/package=maptools},
	year = {2021},
	Bdsk-Url-1 = {https://CRAN.R-project.org/package=maptools}}

@article{margules-1988-63,
	author = {Margules, C R and Nicolls, A O and Pressey, R L},
	journal = {Biol. Cons.},
	pages = {63--76},
	title = {Selecting networks of reserves to maximise biological diversity},
	volume = 43,
	year = 1988}

@article{margules-2000-243,
	author = {Margules, C R and Pressey, R L},
	journal = {Nature},
	pages = {243--253},
	title = {Systematic conservation planning},
	volume = 405,
	year = 2000}

@article{mcart2017landscape,
	author = {McArt, Scott H and Urbanowicz, Christine and McCoshum, Shaun and Irwin, Rebecca E and Adler, Lynn S},
	journal = {Proc. R. Soc. B: Biol. Sci.},
	number = {1867},
	pages = {1-8},
	publisher = {The Royal Society},
	title = {{Landscape predictors of pathogen prevalence and range contractions in US bumblebees}},
	volume = {284},
	year = {2017}}

@article{mcgehee-1977-30,
	author = {McGehee, R. and Armstrong, R. A.},
	journal = {J. Differ. Equations},
	pages = {30--52},
	title = {Some mathematical problems concerning the ecological principle of competitive exclusion},
	volume = 23,
	year = 1977}

@article{mckinney-1999-450,
	author = {McKinney, M L and Lockwood, J L},
	journal = {Trends Ecol. Evol.},
	pages = {450--453},
	title = {Biotic homogenization: a few winners replacing many losers in the next mass extinction},
	volume = {14},
	year = {1999}}

@article{mcpeek-2008-73,
	author = {McPeek, M. A. and Shen, L. and Farid, H.},
	journal = {Evolution},
	pages = {73--83},
	title = {The correlated evolution of three-dimensional reproductive structures between male and female damselflies},
	volume = 63,
	year = 2008}

@article{meir-2004-615,
	author = {Meir, E and Andelman, S and Possingham, H P},
	journal = {Ecol. Lett.},
	pages = {615--622},
	title = {Does conservation planning matter in a dynamic and uncertain world?},
	volume = 7,
	year = 2004}

@article{memmott-2007-210,
	author = {Memmott, J and Craze, P G and Waser, N M and Price, M V},
	journal = {Ecol. Lett.},
	pages = {710--717},
	title = {Global warming and the disruption of plant--pollinator interactions},
	volume = 10,
	year = 2007}

@article{memmott-2010-2071,
	author = {Memmott, J and Carvell, C and Pywell, R F and Craze, P G},
	journal = {Phil. Trans. R. Soc. B},
	pages = {2071--2079},
	title = {The potential impact of global warming on the efficacy of field margins sown for the conservation of bumble-bees},
	volume = 365,
	year = 2010}

@article{memmott2004tolerance,
	author = {Memmott, Jane and Waser, Nickolas M and Price, Mary V},
	journal = {Proc. R. Soc. B: Biol. Sci.},
	pages = {2605--2611},
	publisher = {The Royal Society},
	title = {Tolerance of pollination networks to species extinctions},
	volume = {271},
	year = {2004}}

@article{mendenhall-2011-16313,
	author = {Mendenhall, C D and Sekercioglu, C H and Brenes, F O and Ehrlich, P R and Daily, G C},
	journal = {Proc. Natl. Acad. Sci. U.S.A.},
	pages = {16313--16316},
	title = {Predictive model for sustaining biodiversity in tropical countryside},
	volume = 108,
	year = 2011}

@article{menz-2011-4,
	author = {Menz, M H M and Phillips, R D and Winfree, R and Kremen, C and Aizen, M A and Johnson, S D and Dixon, K W},
	journal = {Trends Plant Sci.},
	pages = {4--12},
	title = {Reconnecting plants and pollinators: challenges in the restoration of pollination mutualisms},
	volume = 16,
	year = 2011}

@article{mgonigle-2010-444,
	author = {M'Gonigle, L. K. and Fitzjohn, R. G.},
	journal = {Evolutoin},
	pages = {444--455},
	title = {Assortative mating and spatial structure in hybrid zones},
	volume = 64,
	year = 2010}

@article{mgonigle-2012-506,
	author = {M'Gonigle, L K and Mazzucco, R and Otto, S P and Dieckmann, U},
	journal = {Nature},
	pages = {506--509},
	title = {Sexual selection enables long-time coexistence despite ecological equivalence},
	volume = 484,
	year = 2012}

@article{mgonigle-2014-61,
	author = {M'Gonigle, L K and Greenspoon, P B},
	journal = {J. Theor. Biol.},
	pages = {61--68},
	title = {Allee effects and species co-existence in an environment where resource abundance varies},
	volume = 361,
	year = 2014}

@article{mgonigle-2015-1557,
	author = {M'Gonigle, L K and Ponisio, L C and Cutler, K and Kremen, C},
	journal = {Ecol. Appl.},
	pages = {1557--1565},
	title = {Habitat restoration promotes pollinator persistence and colonization in intensively-managed agriculture},
	volume = 25,
	year = 2015}

@article{mgonigle-2017-105,
	author = {M'Gonigle, L K and Williams, N W and Lonsdorf, E and Kremen, C},
	journal = {Cons. Lett.},
	pages = {105--111},
	title = {A Tool for Selecting Plants When Restoring Habitat for Pollinators},
	volume = 10,
	year = 2017}

@article{miguet-2017-x,
	author = {Miguet, P and Fahrig, L and Lavigne, C},
	journal = {Methods Ecol. Evol.},
	pages = {1--8},
	title = {How to quantify a distance-dependent landscape effect on a biological response},
	volume = 00,
	year = 2017}

@article{miller-struttmann-2015-1541,
	author = {Miller-Struttmann, N E and Geib, J C and Franklin, J D and Kevan, P G and Holdo, R M and Ebert-May, D and Lynn, A M and Kettenbach, J A and Hedrick, E and G, Candace},
	journal = {Science},
	number = {6255},
	pages = {1541--1544},
	title = {Functional mismatch in a bumble bee pollination mutualism under climate change},
	volume = {349},
	year = {2015}}

@article{minckley-1999-119,
	author = {Minckley, R L and Cane, J H and Kervin, L and Roulston, T H},
	journal = {Biol. J. Linn. Soc.},
	pages = {119--147},
	title = {Spatial predictability and resource specialization of bees {(Hymenoptera: Apoidea)} at a superabundant, widespread resource},
	volume = 67,
	year = 1999}

@article{mitchell-2009-1403,
	author = {Mitchell, R. J. and Flanagan, R. J. and Brown, B. J. and Waser, N. M. and Karron, J. D.},
	journal = {Ann. Bot.},
	pages = {1403-1413},
	title = {New frontiers in competition for pollination},
	volume = 103,
	year = 2009}

@article{moilanen-2005-1885,
	author = {Moilanen, A and Franco, A M A and Early, R I and Fox, R and Wintle, B and Thomas, C D},
	journal = {Proc. R. Soc. B},
	pages = {1885--1891},
	title = {Prioritizing multiple-use landscapes for conservation: methods for large multi-species planning problems},
	volume = 272,
	year = 2005}

@book{moilanen-2009,
	author = {Moilanen, A and Wilson, K A and Possingham, H P},
	publisher = {Oxford University Press Oxford, UK},
	title = {Spatial conservation prioritization: quantitative methods and computational tools},
	year = {2009}}

@article{mola2020forests,
	author = {Mola, John M and Miller, Michael R and O'Rourke, Sean M and Williams, Neal M},
	journal = {Ecological Entomology},
	publisher = {Wiley Online Library},
	title = {Forests do not limit bumble bee foraging movements in a montane meadow complex},
	year = {2020}}

@article{moller-2001-27,
	author = {M{\o}ller, A. P. and Legendre, S},
	journal = {Oikos},
	pages = {27--34},
	title = {Allee effect, sexual selection and demographic stochasticity},
	volume = 92,
	year = 2001}

@article{molofsky-2001-273,
	author = {Molofsky, J. and Bever, J. D. and Antonovics, J.},
	journal = {Proc. R. Soc.},
	pages = {273-277},
	title = {Coexistence under positive frequency dependence},
	volume = 268,
	year = 2001}

@article{molofsky-2002-2389,
	author = {Molofsky, J. and Bever, J. D.},
	journal = {Proc. R. Soc.},
	pages = {2389-2393},
	title = {A novel theory to explain species diversity in landscapes: positive frequency dependence and habitat suitability},
	volume = 269,
	year = 2002}

@article{monzon2011climate,
	author = {Monz{\'o}n, Javier and Moyer-Horner, Lucas and Palamar, Maria Baron},
	journal = {Bioscience},
	number = {10},
	pages = {752--761},
	publisher = {American Institute of Biological Sciences Circulation, AIBS, 1313 Dolley~{\ldots}},
	title = {Climate change and species range dynamics in protected areas},
	volume = {61},
	year = {2011}}

@article{morandin-2006-289,
	author = {Morandin, L A and Winston, M L},
	journal = {Agriculture Ecosystems \& Environment},
	pages = {289--292},
	title = {Pollinators provide economic incentive to preserve natural land in agroecosystems},
	volume = 116,
	year = 2006}

@article{morandin-2013-26,
	author = {Morandin, L A and Kremen, C},
	journal = {Restor. Ecol.},
	pages = {26--32},
	title = {Bee Preference for Native versus Exotic Plants in Restored Agricultural Hedgerows},
	volume = 21,
	year = 2013}

@article{morandin-2013-829,
	author = {Morandin, L A and Kremen, C},
	journal = {Ecol. Appl.},
	pages = {829--839},
	title = {Hedgerow restoration promotes pollinator populations and exports native bees to adjacent fields},
	volume = 23,
	year = 2013}

@article{moritz-2008-261,
	author = {Moritz, C and Patton, J L and Conroy, C J and Parra, J L and White, G C and Beissinger, S R},
	journal = {Science},
	pages = {261--264},
	title = {Impact of a century of climate change on small-mammal communities in {Yosemite National Park, USA}},
	volume = {322},
	year = 2008}

@article{neumann-2010-1,
	author = {Neumann, P and Carreck, N L},
	journal = {J. Api. Res.},
	pages = {1--6},
	title = {Honey bee colony losses},
	volume = 49,
	year = 2010}

@article{nicholson-2006-1049,
	author = {Nicholson, E and Westphal, M I and Frank, K and Rochester, W A and Pressey, R L and Lindenmayer, D B and Possingham, H P},
	journal = {Ecol. Lett.},
	pages = {1049--1060},
	title = {A new method for conservation planning for the persistence of multiple species},
	volume = 9,
	year = 2006}

@article{norris-2013-827,
	author = {Norris, D. R. and Flockhart, D. T. T. and Strickland, D},
	journal = {Oecologia},
	pages = {827--835},
	title = {Contrasting patterns of survival and dispersal in multiple habitats reveal an ecological trap in a food-caching bird},
	volume = 173,
	year = 2013}

@article{north-2011-1739,
	author = {North, A and Cornell, S and Ovaskainen, O},
	journal = {Evolution},
	pages = {1739--1751},
	title = {Evolutionary responses of dispersal distance to landscape structure and habitat loss},
	volume = 65,
	year = 2011}

@article{ohara-2009-85,
	author = {O'Hara, R B and Sillanp{\"a}{\"a}, M J},
	journal = {Bayesian Anal.},
	pages = {85--118},
	title = {A Review of Bayesian Variable Selection Methods: What, How and Which},
	volume = 4,
	year = 2009}

@manual{oksanen-2013,
	author = {Oksanen, J and Guillaume Blanchet, F and Kindt, R and Legendre, P and Minchin, P R and O'Hara, R B and Simpson, G L and Solymos, P and Stevens, M H H and Wagner, H},
	title = {vegan: Community Ecology Package},
	year = 2013}

@article{ollerton-2011-321,
	author = {Ollerton, J and Winfree, R and Tarrant, S},
	journal = {Oikos},
	pages = {321--326},
	title = {How many flowering plants are pollinated by animals?},
	volume = 120,
	year = 2011}

@article{origin,
	author = {Dieckmann, Ulf and Doebeli, Michael},
	journal = {Nature},
	number = {6742},
	pages = {354},
	publisher = {Nature Publishing Group},
	title = {On the origin of species by sympatric speciation},
	volume = {400},
	year = {1999}}

@article{otto-2008-2091,
	author = {Otto, S. P. and Servedio, M. R. and Nuismer, S. L.},
	journal = {Genetics},
	pages = {2091--2112},
	title = {Frequency-Dependent Selection and the Evolution of Assortative Mating},
	volume = 179,
	year = 2008}

@article{outhwaite-2018-333,
	author = {Outhwaite, Charlotte L and Chandler, Richard E and Powney, Gary D and Collen, Ben and Gregory, Richard D and Isaac, Nick J B},
	journal = {Ecol. Indic.},
	pages = {333--343},
	publisher = {Elsevier},
	title = {Prior specification in Bayesian occupancy modelling improves analysis of species occurrence data},
	volume = {93},
	year = {2018}}

@article{outhwaite-2019-1,
	author = {Outhwaite, Charlotte L and Powney, Gary D and August, Tom A and Chandler, Richard E and Rorke, Stephanie and Pescott, Oliver L and Harvey, Martin and Roy, Helen E and Fox, Richard and Roy, David B and others},
	journal = {Sci. Data},
	number = {1},
	pages = {1--12},
	publisher = {Nature Publishing Group},
	title = {Annual estimates of occupancy for bryophytes, lichens and invertebrates in the UK, 1970--2015},
	volume = {6},
	year = {2019}}

@article{outhwaite-2020-384,
	author = {Outhwaite, Charlotte L and Gregory, Richard D and Chandler, Richard E and Collen, Ben and Isaac, Nick JB},
	journal = {Nat. Ecol. Evol.},
	number = {3},
	pages = {384--392},
	publisher = {Nature Publishing Group},
	title = {Complex long-term biodiversity change among invertebrates, bryophytes and lichens},
	volume = {4},
	year = {2020}}

@article{owen-2012-133,
	author = {Owen, R E and Otterstatter, M C and Cartar, R V and Farmer, A and Colla, S R and O'toole, N},
	journal = {Can. J. Zool.},
	number = {1},
	pages = {133--138},
	title = {{Significant expansion of the distribution of the bumble bee \textit{Bombus moderatus} (Hymenoptera: Apidae) in Alberta over 20 years}},
	volume = {90},
	year = {2012}}

@article{palmier-2019-e30953,
	author = {Palmier, K and Sheffield, C},
	journal = {Biodivers. Data J.},
	pages = {e30953},
	title = {{First records of the Common Eastern Bumble Bee, \textit{Bombus impatiens} Cresson (Hymenoptera: Apidae, Apinae, Bombini) from the Prairies Ecozone in Canada}},
	volume = {7},
	year = {2019}}

@article{panhuis-2001-364,
	author = {Panhuis, T. M. and Butlin, R. and Zuk, M. and Tregenza, T.},
	journal = {Trends Ecol. Evol.},
	pages = {364--371},
	title = {Sexual selection and speciation},
	volume = 16,
	year = 2001}

@article{parmesan2003globally,
	author = {Parmesan, Camille and Yohe, Gary},
	journal = {Nature},
	number = {6918},
	pages = {37--42},
	publisher = {Nature Publishing Group},
	title = {A globally coherent fingerprint of climate change impacts across natural systems},
	volume = {421},
	year = {2003}}

@article{pauw-2013-30,
	author = {Pauw, A.},
	journal = {Trends. Ecol. Evol.},
	pages = {30-37},
	title = {Can pollination niches facilitate plant coexistence?},
	volume = 28,
	year = 2013}

@article{payne-1997-1,
	author = {Payne, R. J. H. and Krakauer, D. C.},
	journal = {Evolution},
	pages = {1--9},
	title = {Sexual Selection, Space, and Speciation},
	volume = 51,
	year = 1997}

@article{payne-2000-419,
	author = {Payne, R. J. H. and Krakauer, D. C.},
	journal = {Trends Ecol. Evol.},
	pages = {419--420},
	title = {Disruptive sexual selection},
	volume = 15,
	year = 2000}

@article{pellet-2007-483,
	author = {Pellet, J and Fleishman, E and Dobkin, D S and Gander, A and Murphy, D D},
	journal = {Biol. Cons.},
	pages = {483--495},
	title = {An empirical evaluation of the area and isolation paradigm of metapopulation dynamics},
	volume = 136,
	year = 2007}

@article{pereira-2012-25,
	author = {Pereira, H M and Navarro, L M and Martins, I S},
	journal = {Annu. Rev. Environ. Resour.},
	pages = {25--50},
	title = {Global biodiversity change: the bad, the good, and the unknown},
	volume = 37,
	year = 2012}

@article{petanidou-2008-564,
	author = {Petanidou, T and Kallimanis, S A and Tzanopoulos, J and Sgardelis, S P and Pantis, J D},
	journal = {Ecol. Lett.},
	pages = {564--575},
	title = {Long-term observation of a pollination network: fluctuation in species and interactions, relative invariance of network structure and implications for estimates of specialization},
	volume = 11,
	year = 2008}

@article{picante-2010-1463,
	author = {Kembel, S W and Cowan, P D and Helmus, M R and Cornwell, W K and Morlon, H and Ackerly, D D and Blomberg, S P and Webb, C O},
	journal = {Bioinformatics},
	pages = {1463--1464},
	title = {Picante: {R} tools for integrating phylogenies and ecology},
	volume = 26,
	year = 2010}

@article{pimsler2020biogeographic,
	author = {Pimsler, Meaghan L and Oyen, Kennan J and Herndon, James D and Jackson, Jason M and Strange, James P and Dillon, Michael E and Lozier, Jeffrey D},
	journal = {Sci. Rep.},
	number = {17063},
	pages = {1--11},
	title = {Biogeographic parallels in thermal tolerance and gene expression variation under temperature stress in a widespread bumble bee},
	volume = {10},
	year = {2020}}

@inproceedings{plummer-2003-jags,
	author = {Plummer, M},
	booktitle = {Proceedings of the 3rd International Workshop on Distributed Statistical Computing (DSC 2003). March},
	pages = {1--8},
	title = {{JAGS: A program for analysis of Bayesian graphical models using Gibbs sampling}},
	year = {2003}}

@article{pollock-2014-397,
	author = {Pollock, L J and Tingley, R and Morris, W K and Golding, N and O'Hara, R B and Parris, K M and Vesk, P A and McCarthy, M A},
	journal = {Methods Ecol. Evol.},
	number = {5},
	pages = {397--406},
	title = {Understanding co-occurrence by modelling species simultaneously with a {Joint Species Distribution Model (JSDM)}},
	volume = {5},
	year = 2014}

@article{ponisio-2015-xxx,
	author = {Ponisio, L C and M'Gonigle, L K and Kremen, C},
	journal = {Glob. Chang. Biol.},
	pages = {0--0},
	title = {On-farm habitat restoration counters biotic homogenization in intensively-managed agriculture.},
	volume = 0,
	year = 2015}

@article{ponisio-2016-704,
	author = {Ponisio, L C and M'Gonigle, L K and Kremen, C},
	journal = {Glob. Chang. Biol.},
	pages = {704--715},
	title = {On-farm habitat restoration counters biotic homogenization in intensively-managed agriculture.},
	volume = 22,
	year = 2016}

@incollection{possingham-2000-291,
	author = {Possingham, H P and Ball, I and Andelman, S},
	booktitle = {Quantitative methods for conservation biology},
	pages = {291--306},
	publisher = {Springer},
	title = {Mathematical methods for identifying representative reserve networks},
	year = 2000}

@article{post-2009-1629,
	author = {Post, D M and Palcovacs, E P},
	journal = {Phil. Trans. R. Soc. B},
	pages = {1629--1640},
	title = {Eco-evolutionary feedbacks in community and ecosystem ecology: interactions between the ecological theatre and the evolutionary play},
	volume = 364,
	year = 2009}

@article{potts-2010-345,
	author = {Potts, S G and Biesmeijer, J C and Kremen, C and Neumann, P and Schweiger, O and Kunin, W E},
	journal = {Trends Ecol. Evol.},
	pages = {345--353},
	title = {Global pollinator declines: trends, impacts and drivers},
	volume = 25,
	year = 2010}

@book{powell-1997-1,
	author = {Powell, J. R.},
	publisher = {Oxford Univ. Press, New York},
	title = {Progress and prospects in evolutionary biology: the {\textit{Drosophila}} model},
	year = 1997}

@article{powney2019widespread,
	author = {Powney, Gary D and Carvell, Claire and Edwards, Mike and Morris, Roger KA and Roy, Helen E and Woodcock, Ben A and Isaac, Nick JB},
	journal = {Nat. Commun.},
	number = {1018},
	pages = {1--6},
	publisher = {Nature Publishing Group},
	title = {{Widespread losses of pollinating insects in Britain}},
	volume = {10},
	year = {2019}}

@article{pradervand2014functional,
	author = {Pradervand, Jean-Nicolas and Pellissier, Lo{\"\i}c and Randin, Christophe F and Guisan, Antoine},
	journal = {Climate Change Responses},
	number = {1},
	pages = {1--10},
	publisher = {Springer},
	title = {Functional homogenization of bumblebee communities in alpine landscapes under projected climate change},
	volume = {1},
	year = {2014}}

@article{pyke2016effects,
	author = {Pyke, Graham H and Thomson, James D and Inouye, David W and Miller, Timothy J},
	journal = {Ecosphere},
	number = {3},
	pages = {e01267},
	publisher = {Wiley Online Library},
	title = {Effects of climate change on phenologies and distributions of bumble bees and the plants they visit},
	volume = {7},
	year = {2016}}

@article{pywell-2011-853,
	author = {Pywell, R F and Meek, W R and Hulmes, L and Hulmes, S and James, K L and Nowakowski, M and Carvell, C},
	journal = {J. Insect Conserv.},
	number = 6,
	pages = {853--864},
	title = {Management to enhance pollen and nectar resources for bumblebees and butterflies within intensively farmed landscapes},
	volume = 15,
	year = 2011}

@article{pywell-2012-772,
	author = {Pywell, R F and Heard, M S and Bradbury, R B and Hinsley, S and Nowakowski, M and Walker, K J and Bullock, J M},
	journal = {Biol. Lett.},
	pages = {772--775},
	title = {Wildlife-friendly farming benefits rare birds, bees and plants},
	volume = 8,
	year = 2012}

@book{rasmont-2014-EUbook,
	author = {Rasmont, Pierre and Iserbyt, Stephanie},
	edition = {Third},
	publisher = {STEP Project, Atlas Hymenoptera},
	title = {Atlas of the European Bees: genus \textit{Bombus}},
	year = {2010-2014}}

@book{rasmont2015climatic,
	author = {Rasmont, Pierre and Franz{\'e}n, Markus and Lecocq, Thomas and Harpke, Alexander and Roberts, Stuart and Biesmeijer, Jacobus Christiaan and Castro, Leopoldo and Cederberg, Bj{\"o}rn and Dvorak, Libor and Fitzpatrick, {\'U}na and others},
	publisher = {Pensoft Publishers},
	journal = {BioRisk},
	title = {Climatic risk and distribution atlas of European bumblebees},
	volume = {10},
	pages = {1-236},
	year = {2015}}

@manual{raster-package,
	author = {Robert J. Hijmans},
	note = {R package version 3.4-13},
	title = {raster: Geographic Data Analysis and Modeling},
	url = {https://CRAN.R-project.org/package=raster},
	year = {2021},
	Bdsk-Url-1 = {https://CRAN.R-project.org/package=raster}}

@article{reybenayas-2009-1121,
	author = {Rey Benayas, J M and Newton, A C and Diaz, A and Bullock, J M},
	journal = {Science},
	pages = {1121--1124},
	title = {Enhancement of biodiversity and ecoystem services by ecological restoration: a meta-analysis},
	volume = 325,
	year = 2009}

@manual{rgdal-package,
	author = {Roger Bivand and Tim Keitt and Barry Rowlingson},
	note = {R package version 1.5-23},
	title = {rgdal: Bindings for the 'Geospatial' Data Abstraction Library},
	url = {https://CRAN.R-project.org/package=rgdal},
	year = {2021},
	Bdsk-Url-1 = {https://CRAN.R-project.org/package=rgdal}}

@manual{rgeos-package,
	author = {Roger Bivand and Colin Rundel},
	note = {R package version 0.5-5},
	title = {rgeos: Interface to Geometry Engine - Open Source ('GEOS')},
	url = {https://CRAN.R-project.org/package=rgeos},
	year = {2020},
	Bdsk-Url-1 = {https://CRAN.R-project.org/package=rgeos}}

@article{richardson-2014-165,
	author = {Richardson, J L and Urban, M C and Bolnick, D I and Skelly, D K},
	journal = {Trends Ecol. Evol.},
	pages = {165--176},
	title = {Microgeographic adaptation and the spatial scale of evolution},
	volume = 29,
	year = 2014}

@article{richardson2019bumble,
	author = {Richardson, Leif L and McFarland, Kent P and Zahendra, Sara and Hardy, Spencer},
	journal = {J. Insect Conserv.},
	pages = {45--62},
	title = {{Bumble bee (\textit{Bombus}) distribution and diversity in Vermont, USA: a century of change}},
	volume = {23},
	year = {2019}}

@misc{richardson_2020_data,
	author = {Richardson, Leif et al.},
	title = {Bumble bees of North America occurrence records database, Accessed 10-07-2020},
	url = {https://doi.org/10.5061/dryad.c59zw3r8f},
	year = {2021},
	Bdsk-Url-1 = {https://doi.org/10.5061/dryad.c59zw3r8f}}

@article{ricketts-2004-1262,
	author = {Ricketts, T H},
	journal = {Conserv. Biol.},
	pages = {1262--1271},
	title = {Tropical forest fragments enhance pollinator activity in nearby coffee crops},
	volume = 18,
	year = 2004}

@article{ricketts-2008-499,
	author = {Ricketts, T H and Regetz, J and Steffan-Dewenter, I and Cunningham, S A and Kremen, C and Bogdanski, A and Gemmill-Herren, B and Greenleaf, S S and Klein, A M and Mayfield, M M and Morandin, L A and Ochieng, A and Potts, S G anf Viana, B F},
	journal = {Ecol. Lett.},
	pages = {499--515},
	title = {Landscape effects on crop pollination services: are there general patterns?},
	volume = 11,
	year = 2008}

@article{ricklefs-2007-s56,
	author = {Ricklefs, R. R.},
	journal = {Am. Nat.},
	pages = {s56--s70},
	title = {History and diversity: explorations at the intersection of ecology and evolution},
	volume = 170,
	year = 2007}

@article{ritchie-2007-79,
	author = {Ritchie, M. G.},
	journal = {Annu. Rev. Ecol. Evol. Syst.},
	pages = {79--102},
	title = {Sexual selection and speciation},
	volume = 38,
	year = 2007}

@manual{rjags-package,
	author = {Martyn Plummer},
	note = {R package version 4-10},
	title = {{rjags: Bayesian Graphical Models using MCMC}},
	url = {https://CRAN.R-project.org/package=rjags},
	year = {2019},
	Bdsk-Url-1 = {https://CRAN.R-project.org/package=rjags}}

@article{robertson-2006-1075,
	author = {Robertson, Bruce A and Hutto, Richard L},
	journal = {Ecology},
	number = {5},
	pages = {1075--1085},
	publisher = {Wiley Online Library},
	title = {A framework for understanding ecological traps and an evaluation of existing evidence},
	volume = {87},
	year = {2006}}

@article{rodriguez2012predicting,
	author = {Rodr{\'\i}guez-Casta{\~n}eda, Genoveva and Hof, Anouschka R and Jansson, Roland and Harding, Larisa E},
	pages = {e44402},
	publisher = {Public Library of Science San Francisco, USA},
	title = {Predicting the fate of biodiversity using species' distribution models: enhancing model comparability and repeatability},
	journal = {PLoS One},
	volume = {7},
	number = {9},
	year = {2012}}

@book{rotheray-2011-natural,
	author = {Rotheray, G E and Gilbert, F S},
	publisher = {Forrest Text},
	title = {The natural history of hoverflies},
	year = {2011}}

@book{roubik-1995-b,
	author = {Roubik, D W},
	publisher = {Food and Agriculture Organization of the United Nations},
	title = {Pollination of cultivated plants in the tropics},
	year = 1995}

@article{royle-2003-777,
	author = {Royle, J A and Nichols, J D},
	journal = {Ecology},
	pages = {777--790},
	title = {Estimating abundance from repeated presence-absence data or point counts},
	volume = 84,
	year = 2003}

@article{royle-2007-1813,
	author = {Royle, A J and K\'ery, M},
	journal = {Ecology},
	pages = {1813--1823},
	title = {A Bayesian state-space formulation of dynamic occupancy models},
	volume = 88,
	year = 2007}

@book{royle-2008,
	author = {Royle, J A and Dorazio, R M},
	publisher = {Academic Press, London},
	title = {Hierarchical Modeling and Inference in Ecology. The Analysis of Data from Populations, Metapopulations and Communities},
	year = 2008}

@article{ruiz-gutierrez-2010-621,
	author = {Ruiz-Guti\'errez, V and Zipkin, E F and Dhondt, A A},
	journal = {J Appl Ecol},
	pages = {621--630},
	title = {Occupancy dynamics in a tropical bird community: unexpectedly high forest use by birds classified as non-forest species},
	volume = 47,
	year = 2010}

@online{IUCN2020,
	addendum = {Downloaded on 19 March 2020},
	author = {IUCN},
	title = {{The IUCN Red List of Threatened Species. Version} 2020-1. https://www.iucnredlist.org. {Downloaded on 19 March 202}0},
	url = {https://www.iucnredlist.org.},
	version = {Version 2020-1},
	year = {2020},
	Bdsk-Url-1 = {https://www.iucnredlist.org.}}

@article{rundlof-2015-77,
	author = {Rundl{\"o}f, M and Andersson, G K S and Bommarco, R and Fries, I and Hederstr{\"o}m, V and Herbertsson, L and Jonsson, O and Klatt, B K and Pedersen, T R and Yourstone, J and Smith, H G},
	journal = {Nature},
	pages = {77--80},
	title = {Seed coating with a neonicotinoid insecticide negatively affects wild bees},
	volume = 521,
	year = 2015}

@article{runjags-package,
	author = {Matthew J. Denwood},
	doi = {10.18637/jss.v071.i09},
	journal = {Journal of Statistical Software},
	number = {9},
	pages = {1--25},
	title = {{runjags}: An {R} Package Providing Interface Utilities, Model Templates, Parallel Computing Methods and Additional Distributions for {MCMC} Models in {JAGS}},
	volume = {71},
	year = {2016},
	Bdsk-Url-1 = {https://doi.org/10.18637/jss.v071.i09}}

@article{russo-2012-3125,
	author = {Russo, L and DeBarros, N and Yang, S and Shea, K and Mortensen, D},
	journal = {Ecol. Evol.},
	pages = {3125--3140},
	title = {Supporting crop pollinators with floral resources: network- based phenological matching},
	volume = 3,
	year = 2013}

@article{russo-2013-3125,
	author = {Russo, L and DeBarros, N and Yang, S and Shea, K and Mortensen, D},
	journal = {Ecol. Evol.},
	pages = {3125--3140},
	title = {Supporting crop pollinators with floral resources: network- based phenological matching},
	volume = 3,
	year = 2013}

@article{ryan-1988-1786,
	author = {Ryan, M. J. and Wilczynski, W.},
	journal = {Science},
	pages = {1786--1788},
	title = {Coevolution of sender and receiver: effect on local mate preference in cricket frogs},
	volume = 240,
	year = 1988}

@article{sarkar-2006-123,
	author = {Sarkar, S and Pressey, R L and Faith, D P and Margules, C R and Fuller, T and Stoms, D M and Moffett, A and Wilson, K A and Williams, K J and Williams, P H and Andelman, S},
	journal = {Annu. Rev. Environ. Resour.},
	pages = {123--159},
	title = {Biodiversity conservation planning tools: present status and challenges for the future},
	volume = 31,
	year = 2006}

@article{scheper-2013-912,
	author = {Scheper, J and Holzschuh, A and Kuussaari, M and Potts, S G and Rundl\"of, M and Smith, H G and Kleijn, D},
	journal = {Ecol. Lett.},
	pages = {912--920},
	title = {Environmental factors driving the effectiveness of European agri‐environmental measures in mitigating pollinator loss--a meta‐analysis},
	volume = 16,
	year = 2013}

@book{schluter-2000-1,
	author = {Schluter, D.},
	publisher = {Oxford University Press},
	title = {The Ecology of Adaptive Radiation},
	year = 2000}

@article{schmid2007invasion,
	author = {Schmid-Hempel, P and Schmid-Hempel, R and Brunner, PC and Seeman, OD and Allen, GR},
	journal = {Heredity},
	number = {4},
	pages = {414--422},
	title = {Invasion success of the bumblebee, \textit{Bombus terrestris}, despite a drastic genetic bottleneck},
	volume = {99},
	year = {2007}}

@article{schneider-2006-570,
	author = {Schneider, K. A. and B\"{u}rger, B.},
	journal = {J. Evol. Bio.},
	pages = {570--588},
	title = {Does competitive divergence occur if assortative mating is costly?},
	volume = 19,
	year = 2006}

@article{scholl-1990-2264,
	author = {Scholl, A and Obrecht, E and Owen, RE},
	journal = {Can. J. Zool.},
	pages = {2264--2268},
	title = {The genetic relationship between \textit{Bombus moderatus} Cresson and the \textit{Bombus lucorum} auct. species complex (Hymenoptera: Apidae)},
	volume = {68},
	year = {1990}}

@article{seehausen-1997-1808,
	author = {Seehausen, O. and van Alphen, J. J. M. and Witte, F.},
	journal = {Science},
	pages = {1808--1811},
	title = {Cichlid fish diversity threatened by eutrophication that curbs sexual selection},
	volume = 277,
	year = 1997}

@article{seehausen-1999-262,
	author = {Seehausen, O. and van Alphen, J. J. M.},
	journal = {Ecol. Lett.},
	pages = {262--271},
	title = {Can sympatric speciation by disruptive sexual selection explain rapid evolution of cichlid diversity in {Lake Victoria}?},
	volume = 2,
	year = 1999}

@article{seehausen-2008-620,
	author = {Seehausen, O. and Terai, Y. and Magalhaes, I. S. and Carleton, K. L. and Mrosso, H. D. J. and Miyagi, R. and van der Sluijs, I. and Schneider, M. V. and Maan, M. E. and Tachida, H. and Imai, H. and Okada, N.},
	journal = {Nature},
	pages = {620--627},
	title = {Speciation through sensory drive in cichlid fish},
	volume = 455,
	year = 2008}

@article{seger-1985-1185,
	author = {Seger, J.},
	journal = {Evolution},
	pages = {1185--1193},
	title = {Unifying genetic models for the evolution of female choice},
	volume = 39,
	year = 1985}

@article{sekercioglu-2007-283,
	author = {Sekercio\u{g}lu, C H and Loarie, S R and Oviedo Brenes, F and Ehrlich, P R and Daily, G C},
	journal = {Conserv. Biol.},
	pages = {482--494},
	title = {Persistence of forest birds in the Costa Rican agricultural countryside},
	volume = 21,
	year = 2007}

@article{sekercioglu-2019-9903,
	author = {Sekercio\u{g}lu, C H and Mendenhall, C D and Oviedo-Brenes, F and Horns, J J and Ehrlich, P R and Daily, G C},
	journal = {Proc. Natl. Acad. Sci. U.S.A.},
	pages = {9903--9912},
	title = {Long-term declines in bird populations in tropical agricultural countryside},
	volume = 116,
	year = 2019}

@article{servedio-2010-179,
	author = {Servedio, M. R.},
	journal = {Proc. R. Soc. Lond. B},
	pages = {179--187},
	title = {Limits to the evolution of assortative mating by female choice under restricted gene flow},
	volume = 278,
	year = 2010}

@article{sharov-1995-1239,
	author = {Sharov, A. A. and Liebhold, A. M. and Ravlin, F. W.},
	journal = {Popul. Ecol.},
	pages = {1239-1244},
	title = {Prediction of gypsy moth ({Lepidoptera}: {Lymantriidae} mating success from pheromone trap counts},
	volume = 24,
	year = 1995}

@article{sheffield2016biogeography,
	author = {Sheffield, Cory S and Richardson, Leif and Cannings, Syd and Ngo, Hien and Heron, Jennifer and Williams, Paul H},
	journal = {J. Insect Conserv.},
	pages = {189--199},
	title = {{Biogeography and designatable units of \textit{Bombus occidentalis} Greene and \textit{B. terricola} Kirby (Hymenoptera: Apidae) with implications for conservation status assessments}},
	volume = {20},
	year = {2016}}

@article{shirey2021complete,
	author = {Shirey, Vaughn and Belitz, Michael W and Barve, Vijay and Guralnick, Robert},
	journal = {Ecography},
	number = {4},
	pages = {537--547},
	publisher = {Wiley Online Library},
	title = {A complete inventory of North American butterfly occurrence data: narrowing data gaps, but increasing bias},
	volume = {44},
	year = {2021}}

@article{siepielski-2010-3153,
	author = {Siepielski, A. M. and McPeek, M. A.},
	journal = {Ecology},
	pages = {3153--3164},
	title = {On the evidence for species coexistence: a critique of the coexistence program},
	volume = 91,
	year = 2010}

@article{sirois2018climate,
	author = {Sirois-Delisle, Catherine and Kerr, Jeremy T},
	journal = {Sci. Rep.},
	number = {14464},
	pages = {1--10},
	publisher = {Nature Publishing Group},
	title = {Climate change-driven range losses among bumblebee species are poised to accelerate},
	volume = {8},
	year = {2018}}

@article{skellam-1951-196,
	author = {Skellam, J. G.},
	journal = {Biometrika},
	pages = {196--218},
	title = {{Random dispersal in theoretical populations}},
	volume = 38,
	year = 1951}

@article{slatkin-1974-128,
	author = {Slatkin, M.},
	journal = {Ecology},
	pages = {128--134},
	title = {Competition and regional coexistence},
	volume = 55,
	year = 1974}

@article{smithson-1996-571,
	author = {Smithson, A. and Macnair, M. R.},
	journal = {J. Evol. Biol.},
	pages = {571-588},
	title = {Frequency-dependent selection by pollinators: mechanisms and consequences with regard to behaviour of bumblebees \textit{{Bombus} terrestris} ({L.}) ({Hymenoptera}: {Apidae})},
	volume = 9,
	year = 1996}

@article{snyder-2011-739,
	author = {Snyder, R E},
	journal = {Proc. R. Soc. B},
	pages = {739--744},
	title = {Leaving home ain't easy: non-local seed dispersal is only evolutionarily stable in highly unpredictable environments},
	volume = 278,
	year = 2011}

@article{soroye-2020-367,
	author = {Soroye, P and Newbold, T and Kerr, J},
	journal = {Science},
	pages = {685--688},
	title = {Climate change contributes to widespread declines among bumble bees across continents},
	volume = 367,
	year = 2020}

@article{soroye2020climate,
	author = {Soroye, Peter and Newbold, Tim and Kerr, Jeremy},
	journal = {Science},
	number = {6478},
	pages = {685--688},
	publisher = {American Association for the Advancement of Science},
	title = {Climate change contributes to widespread declines among bumble bees across continents},
	volume = {367},
	year = {2020}}

@book{sp-package,
	author = {Roger S. Bivand and Edzer Pebesma and Virgilio Gomez-Rubio},
	publisher = {Springer, NY},
	title = {Applied spatial data analysis with {R}, Second edition},
	url = {https://asdar-book.org/},
	year = {2013},
	Bdsk-Url-1 = {https://asdar-book.org/}}

@article{sparks2007lateral,
	author = {Sparks, Tim H},
	journal = {Trends in Ecology \& Evolution},
	number = {4},
	pages = {169--171},
	publisher = {Elsevier},
	title = {Lateral thinking on data to identify climate impacts},
	volume = {22},
	year = {2007}}

@article{spatstat-package,
	author = {Adrian Baddeley and Rolf Turner},
	journal = {Journal of Statistical Software},
	number = {6},
	pages = {1--42},
	title = {{spatstat}: An {R} Package for Analyzing Spatial Point Patterns},
	url = {https://www.jstatsoft.org/v12/i06/},
	volume = {12},
	year = {2005},
	Bdsk-Url-1 = {https://www.jstatsoft.org/v12/i06/}}

@article{stanley2015neonicotinoid,
	author = {Stanley, Dara A and Garratt, Michael PD and Wickens, Jennifer B and Wickens, Victoria J and Potts, Simon G and Raine, Nigel E},
	journal = {Nature},
	number = {7583},
	pages = {548--550},
	publisher = {Nature Publishing Group},
	title = {Neonicotinoid pesticide exposure impairs crop pollination services provided by bumblebees},
	volume = {528},
	year = {2015}}

@article{steffan-dewenter-1999-432,
	author = {Steffan-Dewenter, I and Tscharntke, T},
	journal = {Oecologia},
	pages = {432--440},
	title = {Effects of habitat isolation on pollinator communities and seed set},
	volume = 121,
	year = 1999}

@article{steffan-dewenter-2005-651,
	author = {Steffan-Dewenter, I and Potts, S G and Packer, L},
	journal = {Trends Ecol. Evol.},
	pages = {651--652},
	title = {Pollinator diversity and crop pollination services are at risk},
	volume = 313,
	year = 2005}

@incollection{steffan-dewenter-2006-387,
	author = {Steffan-Dewenter, I and Klein, A M and Gaebele, V and Alfert, T and Tscharntke, T},
	booktitle = {Plant--Pollinator Interactions. From Specialization to Generalization},
	editor = {Waser, N M and Ollerton, J},
	publisher = {University of Chicago Press, Chicago, Illinois},
	title = {Bee diversity and plant--pollinator interactions in fragmented landscapes},
	year = 2006}

@article{stephens-1999-401,
	author = {Stephens, P. A. and Sutherland, W. J.},
	journal = {Trends Ecol. Evol.},
	pages = {401--405},
	title = {Consequences of the {Allee} effect for behaviour, ecology and conservation},
	volume = 14,
	year = 1999}

@article{stoks-2005-1976,
	author = {Stoks, R. and Nystrom, J. L. and May, M. L. and McPeek, M. A.},
	journal = {Evolution},
	pages = {1976--1988},
	title = {Parallel evolution in ecological and reproductive traits to produce cryptic damselfly species across the {Holarctic}},
	volume = 59,
	year = 2005}

@article{stoks-2006-s50,
	author = {Stoks, R and McPeek, M A},
	journal = {Am. Nat.},
	pages = {s50-s72},
	title = {A tale of two diversifications: reciprocal habitat shifts to fill ecological space along the pond permanence gradient},
	volume = 168,
	year = 2006}

@article{stokstad-2007-970,
	author = {Stokstad, E},
	journal = {Science},
	pages = {970--972},
	title = {The case of the empty hives},
	volume = 316,
	year = 2007}

@article{stralberg-2009-94,
	author = {Stralberg, D and Applegate, D L and Phillips, S J and Herzog, M P and Nur, N and Warnock, N},
	journal = {Biol. Cons.},
	pages = {94--109},
	title = {Optimizing wetland restoration and management for avian communities using a mixed integer programming approach},
	volume = 142,
	year = 2009}

@manual{stringr-package,
	author = {Hadley Wickham},
	note = {R package version 1.4.0},
	title = {stringr: Simple, Consistent Wrappers for Common String Operations},
	url = {https://CRAN.R-project.org/package=stringr},
	year = {2019},
	Bdsk-Url-1 = {https://CRAN.R-project.org/package=stringr}}

@article{suzuki2020estimating,
	author = {Suzuki-Ohno, Yukari and Yokoyama, Jun and Nakashizuka, Tohru and Kawata, Masakado},
	journal = {Sci. Rep.},
	number = {19622},
	pages = {1--12},
	publisher = {Nature Publishing Group},
	title = {Estimating possible bumblebee range shifts in response to climate and land cover changes},
	volume = {10},
	year = {2020}}

@article{szabo-2010-2157,
	author = {Szabo, Judit K and Vesk, Peter A and Baxter, Peter WJ and Possingham, Hugh P},
	journal = {Ecological Applications},
	number = {8},
	pages = {2157--2169},
	publisher = {Wiley Online Library},
	title = {Regional avian species declines estimated from volunteer-collected long-term data using List Length Analysis},
	volume = {20},
	year = {2010}}

@article{taylor-2005-895,
	author = {Taylor, C. M. and Hastings, A.},
	journal = {Ecol. Lett.},
	pages = {895--908},
	title = {Allee effects in biological invasions},
	volume = 8,
	year = 2005}

@book{tilman-1982-book,
	author = {Tilman, D.},
	publisher = {Princeton University Press},
	title = {Resource competition and community structure},
	year = 1982}

@article{tilman-1994-2,
	author = {Tilman, D.},
	journal = {Ecology},
	pages = {2-16},
	title = {Competition and biodiveristy in spatially structured habitats.},
	volume = 75,
	year = 1994}

@article{tilman-1998-277,
	author = {Tilman, D and Lehman, C L and Bristow, C E},
	journal = {Am. Nat.},
	pages = {277--282},
	title = {Diversity-Stability Relationships: Statistical Inevitability or Ecological Consequence?},
	volume = 151,
	year = 1998}

@inbook{tilman-2007,
	author = {Tilman, D.},
	chapter = {Interspecific competition and multispecies coexistence},
	pages = {84--97},
	publisher = {Oxford University Press},
	title = {Theoretical ecology},
	year = 2007}

@article{tingley-2009-625,
	author = {Tingley, M W and Beissinger, S R},
	journal = {Trends Ecol. Evol.},
	pages = {625--633},
	title = {Detecting range shifts from historical species occurrences: new perspectives on old data},
	volume = {24},
	year = 2009}

@article{tingley-2013-2013,
	author = {Tingley, M W and Beissinger, S R},
	journal = {Ecology},
	pages = {598--609},
	title = {Cryptic loss of montane avian richness and high community turnover over 100 years},
	volume = {94},
	year = {2013}}

@article{tingley2009detecting,
	author = {Tingley, Morgan W and Beissinger, Steven R},
	journal = {Trends in ecology \& evolution},
	number = {11},
	pages = {625--633},
	publisher = {Elsevier},
	title = {Detecting range shifts from historical species occurrences: new perspectives on old data},
	volume = {24},
	year = {2009}}

@article{tobin-2011-615,
	author = {Tobin, P. C. and Berec, L. and Liebhold, A. M.},
	journal = {Ecol. Lett.},
	pages = {615--624},
	title = {Exploiting {Allee} effects for managing biological invasions},
	volume = 14,
	year = 2011}

@article{tobler-2019-e02754,
	author = {Tobler, M W and K{\'e}ry, M and Hui, F K C and Guillera-Arroita, G and Knaus, P and Sattler, T},
	journal = {Ecology},
	pages = {e02754},
	title = {Joint species distribution models with species correlations and imperfect detection},
	volume = {100},
	year = {2019}}

@article{torretta-2006-285,
	author = {Torretta, J P and Medan, D and Abrahamovich, A H},
	journal = {Trans. Am. Entomol. Soc.},
	pages = {285--289},
	title = {First record of the invasive bumblebee Bombus terrestris (L.)(Hymenoptera, Apidae) in Argentina},
	volume = {132},
	year = {2006}}

@article{tregenza-2000-1687,
	author = {Tregenza, T. and Pritchard, V. L. and Butlin, R. K.},
	journal = {Evolution},
	pages = {1687--1698},
	title = {The origins of premating reproductive isolation: testing hypotheses in the grasshopper \textit{{Chorthippus} parallelus}},
	volume = 54,
	year = 2000}

@article{turner-1995-287,
	author = {Turner, G. F. and Burrows, M. T.},
	journal = {Proc. R. Soc. Lond. B},
	pages = {287--292},
	title = {A model of sympatric speciation by sexual selection},
	volume = 260,
	year = 1995}

@article{turner-2005-527,
	author = {Turner, W R and Wilcove, D S},
	journal = {Conserv. Biol.},
	pages = {527--537},
	title = {Adaptive Decision Rules for the Acquisition of Nature Reserves},
	volume = 20,
	year = 2005}

@article{turner-2006-527,
	author = {Turner, W R and Wilcove, D S},
	journal = {Conserv. Biol.},
	pages = {527--537},
	title = {Adaptive Decision Rules for the Acquisition of Nature Reserves},
	volume = 20,
	year = 2006}

@article{underwood-1994-3,
	author = {Underwood, A J},
	journal = {Ecol. Appl.},
	pages = {3--15},
	title = {On beyond BACI: sampling designs that might reliably detect environmental disturbances},
	volume = 4,
	year = 1994}

@article{van-2010-495,
	author = {van Strien, Arco J and Termaat, Tim and Groenendijk, Dick and Mensing, Victor and Kery, Marc},
	journal = {Basic and Applied Ecology},
	number = {6},
	pages = {495--503},
	publisher = {Elsevier},
	title = {Site-occupancy models may offer new opportunities for dragonfly monitoring based on daily species lists},
	volume = {11},
	year = {2010}}

@article{van-2013-1450,
	author = {van Strien, Arco J and van Swaay, Chris AM and Termaat, Tim},
	journal = {Journal of Applied Ecology},
	number = {6},
	pages = {1450--1458},
	publisher = {Wiley Online Library},
	title = {Opportunistic citizen science data of animal species produce reliable estimates of distribution trends if analysed with occupancy models},
	volume = {50},
	year = {2013}}

@article{van-2013-673,
	author = {van Strien, Arco J and Termaat, Tim and Kalkman, Vincent and Prins, Marijn and De Knijf, Geert and Gourmand, Anne-Laure and Houard, Xavier and Nelson, Brian and Plate, Calijn and Prentice, Stephen and others},
	journal = {Biodivers. Conserv.},
	number = {3},
	pages = {673--686},
	publisher = {Springer},
	title = {Occupancy modelling as a new approach to assess supranational trends using opportunistic data: a pilot study for the damselfly Calopteryx splendens},
	volume = {22},
	year = {2013}}

@article{van-2019-116,
	author = {van Strien, Arco J and van Swaay, Chris AM and van Strien-van Liempt, Willy TFH and Poot, Martin JM and WallisDeVries, Michiel F},
	journal = {Biol. Conserv.},
	pages = {116--122},
	publisher = {Elsevier},
	title = {Over a century of data reveal more than 80\% decline in butterflies in the Netherlands},
	volume = {234},
	year = {2019}}

@article{van-engelsdorp-2009-e6481,
	author = {van Engelsdorp, D and Evans, J D and Saegerman, C and Mullin, C and Haubruge, E and Nguyen, B K and Frazier, M. and Frazier, J and Cox-Foster, D. and Chen, Y and Underwood, R and Tarpy, D and Pettis, J S},
	journal = {Plos One},
	pages = {1--17},
	title = {Colony Collapse Disorder: A Descriptive Study},
	volume = 4,
	year = 2009}

@article{van2020meta,
	author = {Van Klink, Roel and Bowler, Diana E and Gongalsky, Konstantin B and Swengel, Ann B and Gentile, Alessandro and Chase, Jonathan M},
	journal = {Science},
	number = {6489},
	pages = {417--420},
	publisher = {American Association for the Advancement of Science},
	title = {Meta-analysis reveals declines in terrestrial but increases in freshwater insect abundances},
	volume = {368},
	year = {2020}}

@article{vanDoorn-1998-1915,
	author = {van Doorn, G. S. and Noest, A. J. and Hogewig, P.},
	journal = {Proc. R. Soc. Lond. B},
	pages = {1915--1919},
	title = {Sympatric speciation and extinction driven by environment dependent sexual selection},
	volume = 265,
	year = 1998}

@article{vanDoorn-2004-709,
	author = {van Doorn, G. S. and Dieckmann, U. and Weissing, F. J.},
	journal = {Am. Nat.},
	pages = {709--725},
	title = {Sympatric speciation by sexual selection: a critical reevaluation},
	volume = 163,
	year = 2004}

@article{vanDoorn-2006-2226,
	author = {van Doorn, G. S. and Dieckmann, U.},
	journal = {Evolution},
	pages = {2226--2238},
	title = {The long-term evolution of multilocus traits under frequency-dependent disruptive selection},
	volume = 60,
	year = 2006}

@article{vanDoorn-2009-1704,
	author = {van Doorn, G. S. and Edelaar, P. and Weissing, F. J.},
	journal = {Science},
	pages = {1704--1707},
	title = {On the origin of species by natural and sexual selection},
	volume = 326,
	year = 2009}

@article{vasseur-2011-e96,
	author = {Vasseur, D A and Amarasekare, P and Rudolf, V H W and Levine, J M},
	journal = {Am. Nat.},
	pages = {E96--E109},
	title = {Eco-evolutionary dynamics enable coexistence via neighbor-dependent selection},
	volume = {178},
	year = {2011}}

@article{vitousek-1986-368,
	author = {Vitousek, P M and Ehrlich, P R and Ehrlich, A H and Matson, P A},
	journal = {BioScience},
	pages = {368--373},
	title = {Human appropriation of the products of photosynthesis},
	volume = 36,
	year = 1986}

@article{vitousek-1997-494,
	author = {Vitousek, P M and Mooney, H A and Lubchenco, J and Melillo, J M},
	journal = {Science},
	pages = {494--499},
	title = {Human domination of earth's ecosystems},
	volume = 277,
	year = 1997}

@article{volterra-1928-3,
	author = {Volterra, V.},
	journal = {J. Cons. Inter. Explor. Mer.},
	pages = {3--51},
	title = {Variations and fluctuations of the number of individuals in animal species living together},
	volume = 3,
	year = 1928}

@article{wang-1999-183,
	author = {Wang, G. and Liang, X.-G. and Wang, F.-Z.},
	journal = {Ecol. Model.},
	pages = {183--192},
	title = {The competitive dynamics of populations subject to an {Allee} effect},
	volume = 124,
	year = 1999}

@article{waser-1986-593,
	author = {Waser, N.},
	journal = {Am. Nat.},
	pages = {593-603},
	title = {Flower constancy: definition, cause, and measurement},
	volume = 127,
	year = 1986}

@article{weiner-2014-466,
	author = {Weiner, C N and Werner, M and Linsenmair, K E and Bl\"{u}thgen, N},
	journal = {Ecology},
	pages = {466-474},
	title = {Land-use impacts on plant-pollinator networks: interaction strength and specialization predict pollinator declines},
	volume = 95,
	year = 2014}

@article{weissing-2011-461,
	author = {Weissing, F. J. and Edelaar, P. and van Doorn, G. S.},
	journal = {Behav. Ecol. Sociobiol.},
	pages = {461--480},
	title = {Adaptive speciation theory: a conceptual review},
	volume = 65,
	year = 2011}

@article{weldon-2005-1422,
	author = {Weldon, A. J. and Haddad, N. M.},
	journal = {Ecology},
	pages = {1422--1431},
	title = {The effects of patch shape on indigo buntings: evidence for an ecological trap},
	volume = 86,
	year = 2005}

@article{whitehorn-2012-351,
	author = {Whitehorn, P R and O'Connor, S and Wackers, F L and Goulson, D},
	journal = {Science},
	pages = {351--352},
	title = {Neonicotinoid Pesticide Reduces Bumble Bee Colony Growth and Queen Production},
	volume = 336,
	year = 2012}

@article{whitehorn2012neonicotinoid,
	author = {Whitehorn, Penelope R and O'connor, Stephanie and Wackers, Felix L and Goulson, Dave},
	journal = {Science},
	number = {6079},
	pages = {351--352},
	publisher = {American Association for the Advancement of Science},
	title = {Neonicotinoid pesticide reduces bumble bee colony growth and queen production},
	volume = {336},
	year = {2012}}

@article{williams-2001-7,
	author = {Williams, N M and Minckley, R L and Silveira, F A},
	journal = {Conserv. Ecol.},
	pages = 7,
	title = {Variation in native bee faunas and its implications for detecting community changes},
	volume = 5,
	year = 2001}

@article{williams-2010-450,
	author = {Williams, N M},
	journal = {Restor. Ecol.},
	pages = {450--459},
	title = {Restoration of nontarget species: bee communities and pollination function in riparian forests},
	volume = 19,
	year = 2010}

@article{williams-2012-21,
	author = {Williams, P H and Brown, M JF and Carolan, J C and An, J and Goulson, D and Aytekin, A M and Best, L R and Byvaltsev, A M and Cederberg, B and Dawson, R and Huang, J and Ito, M and Raina, AMRH and Schmid-Hempel, P and Sheffield, C S and {\v S}ima, P and Xie, Z},
	journal = {System. Biodivers.},
	pages = {21--56},
	title = {Unveiling cryptic species of the bumblebee subgenus Bombus s. str. worldwide with COI barcodes (Hymenoptera: Apidae)},
	volume = {10},
	year = {2012}}

@book{williams-2014-fieldguide,
	author = {Williams, P H and Thorp, R W and Richardson, L L and Colla, S R},
	publisher = {Princeton University Press},
	title = {Bumble bees of North America: an identification guide},
	year = {2014}}

@article{williams-2015-2119,
	author = {Williams, N M and Ward, K L and Pope, N and Isaacs, R and Wilson, J and May, E A and Ellis, J and Daniels, J and Pence, A and Ullmann, K and Peters, J},
	journal = {Ecol. Appl.},
	pages = {2119-2131},
	title = {Native wildflower plantings support wild bee abundance and diversity in agricultural landscapes across the {United States}},
	volume = 25,
	year = 2015}

@article{williams-2015-x,
	author = {Williams, N M and Ward, K L and Pope, N and Isaacs, R and Wilson, J and May, E A and Ellis, J and Daniels, J and Pence, A and Ullmann, K and Peters, J},
	journal = {Ecol. Appl. In Press.},
	pages = {00-00},
	title = {Native wildflower plantings support wild bee abundance and diversity in agricultural landscapes across the {United States}},
	volume = 00,
	year = 2015}

@article{williams-2021-271,
	author = {Williams, Paul H},
	journal = {Journal of Natural History},
	number = {5-6},
	pages = {271--282},
	title = {{Not just cryptic, but a barcode bush: PTP re-analysis of global data for the bumblebee subgenus \textit{Bombus s. str.} supports additional species (Apidae, genus \textit{Bombus})}},
	volume = {55},
	year = {2021}}

@article{williams2009bumblebee,
	author = {Williams, Paul and Colla, Sheila and Xie, Zhenghua},
	journal = {Conserv. Biol.},
	number = {4},
	pages = {931--940},
	publisher = {Wiley Online Library},
	title = {Bumblebee vulnerability: common correlates of winners and losers across three continents},
	volume = {23},
	year = {2009}}

@article{williams2019arctic,
	author = {Williams, Paul H and Berezin, Mikhail V and Cannings, Sydney G and Cederberg, Bj{\"o}rn and {\O}degaard, Frode and Rasmussen, Claus and Richardson, Leif L and Rykken, Jessica and Sheffield, Cory S and Thanoosing, Chawatat and Byvaltsev, A M},
	journal = {Zootaxa},
	number = {1},
	pages = {1--68},
	title = {{The arctic and alpine bumblebees of the subgenus Alpinobombus revised from integrative assessment of species' gene coalescents and morphology (Hymenoptera, Apidae, Bombus)}},
	volume = {4625},
	year = {2019}}

@article{williams2019fantastic,
	author = {Williams, Neal M and Mola, John M and Stuligross, Clara and Harrison, Tina and Page, Maureen L and Brennan, Ross M and Rosenberger, Nick M and Rundl{\"o}f, Maj},
	journal = {Ecosphere},
	number = {11},
	pages = {e02949},
	publisher = {Wiley Online Library},
	title = {Fantastic bees and where to find them: locating the cryptic overwintering queens of a western bumble bee},
	volume = {10},
	year = {2019}}

@article{wilman-2014-2027,
	author = {Wilman, H and Belmaker, J and Simpson, J and De La Rosa, C and Rivadeneira, M M and Jetz, W},
	journal = {Ecology},
	pages = {2027--2027},
	title = {EltonTraits 1.0: Species-level foraging attributes of the world's birds and mammals: Ecological Archives E095-178},
	volume = 95,
	year = 2014}

@article{wilson-2000-2133,
	author = {Wilson, A. B. and Noack-Kunnmann, K. and Meyer, A.},
	journal = {Proc. R. Soc. Lond. B},
	pages = {2133--2141},
	title = {Incipient speciation in sympatric {Nicaraguan} crater lake cichlid fishes: sexual selection versus ecological diversification},
	volume = 267,
	year = 2000}

@article{winfree-2007-1105,
	author = {Winfree, R and Williams, N M and Dushoff, J and Kremen, C},
	journal = {Ecol. Lett.},
	pages = {1105-1113},
	title = {Native bees provide insurance against ongoing honey bee losses},
	volume = 10,
	year = 2007}

@article{winfree-2008-793,
	author = {Winfree, R and Williams, N M and Gaines, H and , Ascher, J S and Kremen, C},
	journal = {J. Appl. Ecol.},
	pages = {793--802},
	title = {Wild bee pollinators provide the majority of crop visitation across land-use gradients in New Jersey and Pennsylvania, USA},
	volume = 45,
	year = 2008}

@article{winfree-2009-2068,
	author = {Winfree, R and Aguilar, R and Vazquez, D P and LeBuhn, G and Aizen, M A},
	journal = {Ecology},
	pages = {2068--2076},
	title = {A meta-analysis of bees' responses to anthropogenic disturbance},
	volume = 90,
	year = 2009}

@article{winfree-2009-229,
	author = {Winfree, R and Kremen, C},
	journal = {Proc. R. Soc. B},
	number = 1655,
	pages = {229--237},
	title = {Are ecosystem services stabilized by differences among species? A test using crop pollination},
	volume = 276,
	year = 2009}

@article{winfree-2010-169,
	author = {Winfree, R},
	journal = {Ann. N. Y. Acad. Sci.},
	pages = {169--197},
	title = {The conservation and restoration of wild bees},
	volume = 1195,
	year = 2010}

@article{wood2019narrow,
	author = {Wood, Thomas J and Gibbs, Jason and Graham, Kelsey K and Isaacs, Rufus},
	journal = {Ecology},
	number = {6},
	pages = {1--15},
	title = {{Narrow pollen diets are associated with declining Midwestern bumble bee species}},
	volume = {100},
	year = {2019}}

@article{woodcock-2016-1,
	author = {Woodcock, Ben A and Isaac, Nicholas JB and Bullock, James M and Roy, David B and Garthwaite, David G and Crowe, Andrew and Pywell, Richard F},
	journal = {Nat. Commun.},
	number = {1},
	pages = {1--8},
	publisher = {Nature Publishing Group},
	title = {Impacts of neonicotinoid use on long-term population changes in wild bees in England},
	volume = {7},
	year = {2016}}

@article{zhou-2006-509,
	author = {Zhou, S.-R. and Zhang, D.-Y.},
	journal = {Funct. Ecol.},
	pages = {509-513},
	title = {Allee effects and the neutral theory of biodiversity},
	volume = 20,
	year = 2006}

@article{koch-2012-212,
	author = {Koch, Jonathan B. and Strange, James P.},
	journal = {Northwest Science},
	number = {3},
	pages = {212--220},
	title = {{The status of \textit{Bombus occidentalis} and \textit{B. moderatus} in Alaska with special focus on \textit{Nosema bombi} incidence}},
	volume = {86},
	year = {2012}}

@article{whittington2004comparison,
	author = {Whittington, Robin and Winston, Mark L},
	journal = {J. Econ. Entomol.},
	number = {4},
	pages = {1384--1389},
	title = {{Comparison and examination of \textit{Bombus occidentalis} and \textit{Bombus impatiens} (Hymenoptera: Apidae) in tomato greenhouses}},
	volume = {97},
	year = {2004}}

@article{marshall2018interplay,
	author = {Marshall, Leon and Biesmeijer, Jacobus C and Rasmont, Pierre and Vereecken, Nicolas J and Dvorak, Libor and Fitzpatrick, Una and Francis, Frederic and Neumayer, Johann and {\O}degaard, Frode and Paukkunen, Juho PT and Pawlikowski, Tadeusz and Reemer, Menno and Roberts, Stuart P M and Straka, Jakub and Vray, Sarah and Dendoncker, Nicolas},
	journal = {Glob. Chang. Biol.},
	number = {1},
	pages = {101--116},
	publisher = {Wiley Online Library},
	title = {{The interplay of climate and land use change affects the distribution of EU bumblebees}},
	volume = {24},
	year = {2018}}

@article{neely-2020-108521,
	author = {Neely, W J and Greenspan, S E and Ribeiro, L P and Carvalho, T and Martins, R A and Rodriguez, D and Rohr, J R and Haddad, C F B and Toledo, L F and Becker, C G},
	journal = {Biol. Conserv.},
	number = {108521},
	page = {1--7},
	publisher = {Elsevier},
	title = {Synergistic effects of warming and disease linked to high mortality in cool-adapted terrestrial frogs},
	volume = {245},
	year = {2020}}

@article{silva-2019-57,
	author = {Silva, D P and Dias, A C and Lecci, L S and Simi{\~a}o-Ferreira, J},
	journal = {Neotrop. Entomol.},
	pages = {57--70},
	publisher = {Springer},
	title = {{Potential effects of future climate changes on Brazilian cool-adapted stoneflies (Insecta: Plecoptera)}},
	volume = {48},
	year = {2019}}
@article{chesshire-submitted,
	author = {Chesshire, P R and Fischer, E E and Dowdy, N J and Griswold, T L and Hughes, A C and Orr, M C and Ascher, J S and Guzman, L M, and Hung, K L J and Cobb, N S and McCabe, L M},
	journal = {Ecography},
	pages = {},
	publisher = {},
	title = {{Filling persistent data gaps in bee distributions requires strategic inventories coupled with NextGen digitization)}},
	volume = {},
	year = {Submitted}}

@article{homer2020conterminous,
  title={Conterminous United States land cover change patterns 2001--2016 from the 2016 national land cover database},
  author={Homer, Collin and Dewitz, Jon and Jin, Suming and Xian, George and Costello, Catherine and Danielson, Patrick and Gass, Leila and Funk, Michelle and Wickham, James and Stehman, Stephen and others},
  journal={ISPRS Journal of Photogrammetry and Remote Sensing},
  volume={162},
  pages={184--199},
  year={2020},
  publisher={Elsevier}
}	
@article{jin2019overall,
  title={Overall methodology design for the United States national land cover database 2016 products},
  author={Jin, Suming and Homer, Collin and Yang, Limin and Danielson, Patrick and Dewitz, Jon and Li, Congcong and Zhu, Zhe and Xian, George and Howard, Danny},
  journal={Remote Sensing},
  volume={11},
  number={24},
  pages={2971},
  year={2019},
  publisher={MDPI}
}
@techreport{baker2015estimated,
  title={Estimated annual agricultural pesticide use for counties of the conterminous United States, 2008-12},
  author={Baker, Nancy T and Stone, Wesley W},
  year={2015},
  institution={US Geological Survey}
}
@book{thelin2013estimation,
  title={Estimation of annual agricultural pesticide use for counties of the conterminous United States, 1992-2009},
  author={Thelin, Gail P and Stone, Wesley W},
  year={2013},
  publisher={US Department of the Interior, US Geological Survey Sacramento, CA}
}

